3210 4846
648 247 857 308 ..20-

286 431 360 512 Quo
384 429 494 496 Bacchi
517 445 628 511 uenus,
651 435 708 492 aut
729 432 820 488 diere
840 433 925 506 stirpe
945 435 1080 512 gravata

287 533 400 596 Mitis
423 531 629 613 adoptatis
649 539 835 593 curvetur
858 532 1004 616 frugibus
1027 529 1129 608 arbos,

285 636 427 700 Pierides
450 634 538 698 tenui
562 635 703 700 deducite
725 635 861 699 carmine
885 636 998 701 Musae.

287 739 408 803 Oceani
430 742 522 798 siries
545 757 618 799 eum
642 735 704 798 iarn
728 742 804 796 senis
827 737 968 799 hauserit
990 736 1103 819 undas,

285 841 329 904 Et
349 844 465 917 peribus
487 837 583 901 Titan
605 838 711 902 orbern
734 842 872 899 libraverit
893 845 978 906 toris,

286 941 371 1009 Cum
394 948 483 1004 satur
503 951 680 1005 autumnus
702 961 856 1022 quassans
880 963 939 1002 sua
961 952 1106 1024 tempora
1128 943 1241 1025 pomis,

286 1043 443 1108 Sordibus
465 1055 496 1107 et
519 1055 624 1106 musto
647 1055 804 1121 spumantes
825 1043 981 1125 exprimet
1005 1066 1102 1121 uvas3

287 1151 357 1208 Tam
378 1151 444 1207 milei
464 1149 581 1209 ferrato
611 1159 731 1206 versetur
752 1150 845 1206 robore
867 1151 956 1228 palae

287 1253 387 1310 Dulcis
404 1253 512 1321 bemus,
536 1249 561 1310 si
584 1248 647 1309 iarn
666 1253 768 1325 pluviis
791 1248 917 1310 defossa
938 1252 1066 1309 madebit.

289 1351 383 1414 Arsi
407 1351 507 1413 cruda
530 1361 636 1412 manet
657 1355 730 1410 eaelo
751 1354 855 1410 durata
877 1373 979 1418 sereno,

288 1451 372 1515 Tum
395 1453 475 1516 iussi
498 1453 628 1515 veniant
650 1453 757 1518 declivi
779 1454 903 1520 lramiie
928 1455 990 1534 riti,

135 1663 338 1672 ...-——-——-

201 1796 226 1831 v.
245 1784 295 1831 38:
314 1779 382 1834 Cum
400 1778 510 1828 initium
529 1794 623 1828 versus
643 1779 780 1841 scriberet,
800 1781 859 1828 siue
878 1777 960 1827 dubio
980 1794 1078 1828 memor
1094 1785 1151 1829 erat
1176 1778 1233 1833 Col.
1252 1781 1354 1846 prinei·

135 1868 174 1933 pii
192 1880 287 1916 versus
307 1863 461 1928 Vergiliani
481 1863 528 1915 Ge.
547 1861 584 1922 11,
604 1868 668 1913 2⁴0:
688 1863 744 1912 Nec
762 1861 870 1911 Baccho
890 1877 985 1925 genus.
1030 1861 1179 1914 Clausulas
1197 1881 1292 1916 versus
1311 1881 1358 1932 ap·

135 1951 241 2000 tissime
264 1953 353 2014 potest
371 1948 487 1998 conferri
506 1949 595 1996 exitus
615 1949 642 1995 in
663 1948 709 1997 Ge.
727 1947 762 2006 11,
783 1951 813 1997 76
834 1946 925 1995 aliena
945 1962 976 1994 ex
996 1947 1089 1996 arbore
1108 1962 1228 2010 germen.
1252 1950 1293 2000 De
1312 1967 1358 2001 no-

136 2037 256 2087 minibus
274 2035 414 2084 Musarum
434 2031 570 2092 „Pierides
590 2061 623 2068 -
641 2033 753 2081 Musae“
773 2030 890 2080 disserui
909 2043 972 2093 pag.
994 2035 1033 2081 10.
1052 2058 1084 2066 -
1103 2048 1130 2082 v.
1149 2038 1198 2084 39:
1218 2034 1286 2084 Cum
1304 2037 1357 2085 ini·

134 2121 174 2171 tio
192 2119 273 2169 huius
291 2132 386 2168 versus
405 2116 525 2166 conferre
544 2118 633 2180 possis
653 2120 683 2169 V.
703 2115 733 2164 G.
753 2115 787 2173 ΙΙ,
807 2119 869 2167 522:
888 2113 964 2162 Mitis
991 2115 1020 2163 in
1045 2115 1147 2180 apricis
1174 2119 1307 2182 coquitur.
1324 2146 1359 2158 —

136 2221 163 2258 v.
180 2210 228 2257 40:
262 2202 295 2251 In
314 2203 390 2251 exitu
408 2215 503 2250 versus
523 2202 582 2250 sine
601 2203 683 2253 dubio
702 2203 827 2251 imitatus
852 2204 895 2248 est
921 2197 978 2251 Col.
1005 2203 1034 2248 V.
1054 2198 1085 2249 G.
1105 2199 1156 2261 ΙΙΙ,
1179 2207 1204 2251 ll
1226 2202 1358 2253 deducam

135 2289 236 2339 vertice
254 2287 357 2345 Musas,
375 2290 402 2334 et
420 2283 477 2332 Eel.
496 2285 576 2346 VI‚5
602 2287 745 2336 deductum
775 2285 863 2333 dicere
885 2300 1001 2334 carmen.
1019 2315 1051 2324 -
1076 2301 1103 2338 v.
1128 2292 1173 2338 41:
1201 2286 1303 2349 „Canis
1322 2290 1358 2338 si-

136 2376 225 2424 tiens“
243 2372 311 2422 dicit
329 2370 384 2420 Col.
403 2371 519 2420 fortasse
538 2371 687 2420 secuudum
705 2370 737 2422 V.
757 2371 804 2422 Ge.
824 2372 858 2429 ΙΙ,
877 2373 944 2420 353:
963 2372 1009 2420 ubi
1029 2371 1123 2420 hiulca
1132 2373 1180 2423 siti
1199 2371 1237 2438 (v.
1255 2372 1358 2424 ivicta

136 2457 195 2523 siti)
213 2455 294 2506 findit
320 2455 397 2505 oanis
417 2455 530 2504 aestifer
548 2471 622 2507 arva.
641 2483 674 2492 —
692 2473 718 2510 v,
739 2461 786 2508 42:
806 2455 841 2503 Et
859 2455 970 2518 paribus
995 2455 1078 2506 Titan
1102 2458 1191 2508 orbem
1215 2457 1358 2508 libraverit

135 2541 208 2590 horis
227 2541 245 2592 i.
264 2556 286 2591 e.
305 2566 339 2576 -
357 2543 388 2587 ut
406 2539 605 2589 Wernsdorfius
624 2539 754 2605 explanat
781 2567 810 2575 —
835 2540 876 2588 sol
903 2540 1032 2604 aequales
1057 2541 1159 2592 dierum
1187 2546 1214 2590 et
1238 2543 1358 2592 noctium

135 2625 215 2676 horas
234 2625 337 2676 feeerit.
372 2622 460 2688 Atque
478 2625 642 2674 vocabulum
660 2625 792 2685 „librare“
810 2627 900 2690 ipsum
924 2626 1008 2678 simili
1037 2642 1119 2676 sensu
1145 2642 1281 2691 nusquam
1299 2627 1358 2691 qui-

136 2712 195 2762 dem
210 2709 493 2774 aVergilioinvenies
513 2714 689 2773 usurpatum
708 2715 798 2759 tamen
817 2726 915 2761 memor
934 2712 1020 2760 luisse
1038 2711 1104 2772 Col,
1122 2726 1182 2761 eum
1201 2710 1279 2760 illum
1299 2727 1357 2760 ver·

135 2813 195 2848 sum
213 2796 352 2854 scriberet,
370 2794 483 2843 duorum
502 2795 609 2843 videtur
620 2794 840 2858 Vergilianorum
849 2811 984 2856 versuum,
1002 2797 1049 2861 qui
1061 2825 1094 2833 —
1113 2797 1138 2846 si
1147 2801 1256 2860 spectas
1274 2797 1357 2846 verba

135 2880 344 2944 litterasque-
365 2879 438 2929 haud
457 2880 584 2943 exiguam
611 2880 819 2928 similitudinem
846 2880 1015 2945 speciemque
1043 2886 1141 2944 gerunt
1168 2880 1244 2930 illius
1262 2895 1358 2932 versus

136 2963 311 3015 Columellas.
329 2964 414 3026 Legis
434 2965 505 3014 enim
524 2965 597 3028 apud
616 2963 767 3028 Vergilium
787 2965 819 3017 G.
838 2966 859 3026 1,
879 2972 927 3017 208
948 2983 1021 3031 seqq.
1058 2966 1143 3014 Libra
1162 2966 1205 3015 die
1218 2965 1359 3031 somnique

132 3063 212 3116 pares
238 3049 286 3098 ubi
312 3049 408 3098 fecerit
440 3047 530 3098 horas.
576 3049 610 3097 Et
638 3049 754 3098 medium
782 3051 837 3100 luci
866 3057 947 3117 atque
976 3052 1076 3100 umbris
1107 3053 1161 3099 iarn
1189 3050 1291 3100 dividit
1319 3065 1359 3099 or·

135 3134 204 3183 bem.
222 3159 253 3168 -
272 3148 298 3183 v.
317 3139 363 3181 44:
384 3131 532 3182 Clausulas
556 3149 649 3182 versus
679 3133 783 3184 similes
813 3132 888 3183 locos
913 3135 985 3184 haud
1010 3151 1112 3200 paucos
1137 3136 1261 3186 iuvenies
1286 3135 1358 3199 apud

134 3215 430 3281 Vergilium30i.1⁴}ol.
456 3217 489 3273 V,
519 3221 567 3269 67:
592 3217 690 3282 pocula
715 3247 748 3254 —
773 3221 931 3282 spumantia
959 3219 1030 3268 laeto
1052 3219 1218 3284 quotannis3
1244 3217 1293 3268 Ge.
1312 3217 1360 3279 IV,

136 3308 198 3354 140:
226 3301 433 3366 spumantia-
452 3300 547 3365 mella3
566 3307 706 3367 praeterea
725 3301 756 3351 G.
772 3305 806 3360 11,
825 3307 848 3362 6,
867 3305 913 3363 ΙΙΙ,
932 3310 996 3367 3093
1015 3305 1081 3354 Aen.
1101 3306 1145 3362 111,
1165 3308 1205 3355 66.
1225 3329 1257 3339 -
1277 3307 1358 3354 alb:

133 3385 166 3435 In
176 3386 256 3434 initio
271 3399 365 3436 versus
376 3401 405 3434 se
415 3386 632 3435 accommodasse
650 3387 758 3436 videtur
777 3387 833 3438 Col.
853 3389 944 3437 versui
962 3388 1121 3452 Vergiliano
1146 3386 1178 3438 G.
1196 3390 1217 3450 1,
1235 3391 1283 3440 45:
1307 3386 1360 3435 De·

134 3486 227 3536 presso
245 3469 362 3533 incipiat
379 3471 434 3519 iam
453 3475 509 3519 tum
537 3469 603 3520 mihi
622 3476 716 3520 taurus
745 3479 842 3524 aratro.
884 3477 1030 3537 lngenrere,
1057 3499 1087 3508 -
1114 3470 1245 3521 Similiter
1268 3471 1359 3521 verbis

133 3553 300 3613 Columellas
319 3560 459 3615 „versetur
477 3583 509 3590 -
528 3555 642 3605 humus“
661 3557 728 3606 dicit
746 3558 884 3622 Vergilius
903 3557 951 3608 Ge.
970 3560 990 3617 Ι,
1011 3563 1076 3610 119:
1095 3556 1236 3606 Versando
1261 3561 1360 3605 terram

133 3640 244 3706 experti.
263 3666 297 3675 -
316 3640 410 3689 Verbis
429 3640 539 3700 „robore
557 3640 654 3705 palae“
681 3642 802 3692 conferre
827 3644 917 3708 possis
936 3643 1038 3692 exitum
1065 3657 1160 3692 versus
1181 3641 1227 3691 Ge.
1246 3643 1266 3700 Ι,
1296 3645 1359 3694 1623

134 3740 217 3790 grave
239 3725 320 3775 robur
338 3727 431 3774 aratri.
451 3753 480 3762 -
510 3742 535 3778 v.
555 3732 602 3780 46:
627 3728 722 3776 Verbis
751 3726 856 3786 „dulcis
883 3726 997 3776 humus“
1025 3727 1167 3776 simillima
1186 3731 1250 3777 sunt
1269 3725 1360 3776 dulcia

133 3826 203 3860 arva
229 3809 303 3874 apud
332 3810 483 3874 Vergilium
511 3810 569 3860 Eel.
587 3814 607 3870 Ι,
626 3818 654 3860 3:
691 3811 814 3870 „liumus
850 3811 954 3878 pluviis
984 3812 1094 3863 defossa
1121 3811 1258 3860 madebit“
1294 3812 1362 3863 dicit

135 3895 191 3946 Col.
210 3894 344 3945 fortasse“
364 3897 512 3945 secundum
531 3896 563 3950 V.
582 3894 613 3944 G.
632 3898 677 3956 ΙΙΙ,
695 3902 762 3946 429:
781 3900 847 3948 Vere
858 3897 968 3948 madent
978 3897 1031 3947 udo
1049 3902 1140 3946 terrae
1150 3912 1182 3946 ae
1189 3897 1359 3962 pluvialibus

133 3983 246 4033 austris.
265 4008 298 4017 -
317 3996 342 4030 v.
361 3985 406 4034 47:
426 3980 458 4028 In
478 3982 553 4030 exitu
572 3994 665 4029 versus
691 3981 793 4030 imitari
818 3981 885 4030 mihi
913 3981 1021 4032 videtur
1045 3980 1103 4031 001.
1131 3983 1161 4031 V.
1191 3982 1223 4034 G.
1247 3982 1269 4043 1,
1295 3988 1358 4034 260:

131 4066 207 4116 caelo
225 4065 393 4131 properanda
412 4081 515 4126 sereno,
533 4067 576 4116 val
602 4066 671 4116 Aen.
695 4066 727 4125 V,
747 4071 809 4117 870:
829 4067 904 4116 eaelo
923 4072 950 4116 et
967 4065 1065 4131 pelago
1085 4065 1184 4116 confise
1203 4081 1307 4117 sereno.
1326 4094 1359 4102 —

132 4167 158 4202 v.
177 4157 227 4204 48:
247 4149 406 4201 Clausulam
425 4151 506 4200 huius
530 4166 625 4200 versus
650 4150 709 4198 sine
738 4149 820 4200 dubio
845 4151 1013 4215 deprompsit
1036 4149 1094 4203 Col.
1118 4167 1151 4200 ex
1171 4149 1219 4201 Ge.
1243 4151 1265 4211 1,
1302 4156 1358 4202 loe.

133 4235 205 4285 Eece
223 4235 369 4300 supercilio
388 4236 487 4287 clivosi
506 4237 624 4285 tramitis
643 4235 743 4285 undam
763 4235 873 4284 Elicit?
