3210 4846
738 317 941 378 ..3-

226 502 365 585 eopiosa:
388 511 549 584 praeterea
571 499 666 562 etiam
702 499 838 564 Claudio
871 497 1057 583 Augustali,
1085 498 1153 561 viro
1186 497 1384 573 doctissimo,
1417 519 1450 560 se

227 604 309 666 hene
332 603 506 666 disserendi
529 603 614 664 viam
638 625 705 666 esse
727 602 885 664 initurum
907 601 1105 684 promiserat.
1150 599 1213 662 sed
1233 621 1307 663 cum
1330 598 1449 663 Gallio-

202 693 287 783 'nis,
311 707 414 769 fratris
437 705 574 768 Senecae
598 704 784 788 philosophi,
808 715 876 767 turn
896 703 930 770 P.
942 702 1057 766 Silvini
1068 723 1186 786 preces,
1208 703 1264 784 qui
1287 701 1448 786 poeticum

229 808 395 891 ingenium
420 818 579 888 quantum
604 805 762 888 qualeque
785 813 867 868 esset
889 806 921 867 in
946 805 1123 868 Columella
1135 805 1344 887 cognoscendi
1367 804 1449 867 desi-

227 911 314 972 derio
337 912 517 972 trahebatur
539 909 802 992 pertinacissimo,
827 909 1077 971 vehementiores
1101 921 1189 971 erant
1212 931 1309 990 qnam
1333 913 1371 970 ut
1385 906 1449 971 Co-

228 1010 358 1073 lumella
381 1033 498 1073 nrorem
522 1033 583 1072 non
606 1032 715 1094 gerere
738 1011 894 1072 voluntati
918 1011 1157 1075 familiarissimi
1181 1011 1230 1073 sui
1243 1011 1387 1074 animum
1400 1010 1449 1072 in·

230 1113 372 1178 duceret:
394 1113 501 1194 itaque
524 1113 648 1175 cultum
673 1113 838 1175 hortorum
862 1113 894 1174 in
907 1135 1033 1175 carmen
1058 1109 1450 1178 CCCCXXXVlhexa-

228 1225 398 1278 metrorum
423 1215 572 1289 eontulit,
595 1227 699 1276 tamen
723 1225 754 1277 et
778 1215 923 1297 promissi
946 1237 1011 1297 qno
1034 1214 1202 1279 tenebatur
1224 1214 1257 1277 in
1275 1211 1450 1276 Claudium

227 1316 318 1379 illum
342 1318 495 1380 rationem
520 1318 639 1379 habens
662 1317 743 1379 libre
767 1317 937 1380 undecimo
958 1319 1135 1400 operissui‚
1158 1339 1223 1399 quo
1245 1315 1331 1379 vilici
1355 1315 1451 1378 tradit

229 1419 342 1495 officia,
363 1433 467 1503 eaput,
490 1442 556 1502 quo
578 1419 702 1484 cultum
727 1418 1078 1501 hortorumherbasque
1101 1419 1263 1482 hortenscs
1286 1438 1380 1500 prosa
1401 1417 1451 1479 in-

231 1522 375 1583 venimus
398 1524 538 1586 oratione
562 1523 729 1605 descripta,
752 1522 931 1591 subiunxit,

315 1623 505 1688 Excitabant
528 1637 634 1688 autem
660 1625 870 1688 Columellam
904 1625 943 1686 ad
976 1624 1098 1686 cultum
1124 1622 1287 1684 hortorum
1312 1621 1451 1687 carmine

230 1725 453 1789 celebrandurn
478 1735 601 1810 praeter
622 1749 730 1810 preces
753 1728 930 1789 amicorum
962 1747 1036 1788 eum
1070 1725 1187 1788 fiducia
1210 1747 1307 1807 quum
1330 1725 1452 1806 optimo

229 1829 297 1889 iure
320 1829 474 1892 collocare
497 1842 618 1912 poterat
644 1830 674 1890 in
700 1830 749 1891 sui
779 1829 897 1911 ingenii
934 1827 1103 1910 viribus¹),
1138 1839 1205 1889 turn
1240 1827 1289 1890 vel
1314 1826 1450 1889 maxime

229 1931 326 1994 verba
348 1933 506 2013 quaedam
531 1955 549 1994 a
574 1930 726 2014 Vergilio,
750 1931 801 1992 cui
826 1943 937 2013 poetae
961 1953 1119 1993 summam
1154 1929 1317 1992 tribuebat
1352 1927 1452 1992 Colu-

232 2033 322 2094 mella
345 2034 585 2096 admirationem
622 2041 718 2114 atque
753 2033 987 2108 verecundiam,
1025 2034 1057 2094 in
1081 2044 1195 2114 quarto
1218 2031 1451 2116 Georgicorum

303 2257 326 2322 l)
347 2257 414 2306 Erat
433 2259 504 2306 enim
524 2259 564 2304 vir
584 2274 636 2305 uon
658 2257 744 2306 solum
763 2258 917 2305 reconditae
948 2257 1162 2320 exquisitaeque,
1190 2255 1235 2305 sed
1261 2256 1342 2303 etiam
1361 2252 1452 2301 multi-

226 2343 311 2428 plicis
331 2343 478 2405 variaeque
497 2341 644 2390 doetrinae.
682 2343 774 2405 Neque
794 2342 865 2388 enim
898 2369 923 2376 -
947 2341 973 2388 id
998 2341 1069 2404 quod
1095 2341 1190 2389 eadere
1215 2342 1284 2389 solet
1302 2339 1332 2387 in
1350 2335 1450 2386 multos

230 2427 303 2478 tiros
322 2427 415 2476 doctos
435 2453 466 2462 -·
487 2426 659 2490 discipliuae,
679 2443 758 2490 quarn
778 2442 856 2491 opere
875 2441 924 2473 sun
944 2426 1115 2473 tractandam
1144 2427 1197 2474 sibi
1220 2427 1404 2490 proposuerat,
1422 2423 1452 2470 iu

231 2515 341 2562 intimos
361 2517 506 2577 penetrans
526 2529 650 2560 recessus
670 2514 741 2560 alias
760 2527 829 2576 quae
849 2513 957 2560 omniuo
983 2511 1016 2560 ad
1036 2511 1187 2574 politiorem
1206 2512 1343 2574 pertinent
1360 2507 1453 2556 huma-

233 2600 345 2647 nitatem
373 2597 478 2646 litteras
499 2598 667 2658 neglexerat:
696 2599 775 2645 immo
804 2597 898 2646 harum
922 2597 1074 2644 litterarum
1100 2624 1130 2630 -
1157 2601 1186 2643 ut
1211 2599 1323 2659 apparet
1346 2609 1379 2642 ex
1397 2597 1453 2641 tote

232 2685 290 2732 cius
309 2699 388 2746 opere
408 2711 440 2718 -
461 2684 568 2741 multas,
589 2685 615 2729 in
638 2684 672 2730 iis
693 2684 785 2746 utiquc
805 2683 887 2729 etiarn
910 2691 1048 2744 poetarum
1073 2679 1168 2737 libros,
1192 2685 1319 2743 gustasse
1344 2677 1453 2727 videtur

233 2783 318 2831 neque
339 2767 364 2814 id
384 2767 470 2815 labris
490 2773 594 2816 tantum
616 2768 783 2830 primoribus.
804 2795 836 2802 —-
874 2767 1015 2814 Praeterea
1035 2766 1062 2812 in
1082 2763 1160 2812 libris
1181 2766 1238 2812 suis
1258 2763 1289 2810 de
1308 2779 1335 2810 re
1350 2763 1453 2811 rustica

233 2867 312 2916 prosa
336 2852 465 2899 oratione
476 2853 639 2914 conscriptis
662 2879 686 2887 -·
711 2867 821 2915 quorum
841 2852 954 2899 materia
974 2851 1047 2898 sicca
1066 2851 1212 2912 ieiunoque
1240 2863 1273 2896 ne
1296 2847 1456 2896 mediocrem

232 2936 338 2998 «pridem
358 2935 469 2984 limatae
488 2937 650 2986 elocutionis
675 2938 887 2985 venditatioueur
913 2936 1020 2984 videtur
1037 2935 1174 2984 lacessere
1193 2959 1222 2968 —
1246 2932 1454 2981 nonrnodoarte

232 3021 352 3070 dilucide
371 3021 532 3085 simpliciter
556 3024 802 3085 convenienterque
827 3021 860 3069 ad
887 3021 913 3068 id
939 3020 1009 3084 quod
1035 3022 1127 3082 agitur
1150 3019 1259 3068 dicendi
1285 3032 1455 3082 nequaquam

233 3121 261 3152 se
286 3121 376 3154 carere
395 3106 568 3164 dernmrstrat,
589 3107 634 3154 scd
655 3108 736 3154 stiam
756 3107 926 3154 exornandae
947 3105 1182 3168 illustrandaeqne
1202 3105 1318 3153 orationi
1339 3130 1363 3139 -
1390 3118 1455 3150 nen-

234 3207 372 3254 nunquam
397 3193 478 3242 etiam
498 3193 632 3255 poeticum
653 3192 786 3256 quendam
806 3193 919 3240 nitorem
939 3192 1130 3239 adrrrisceus—
1151 3188 1453 3254 operarunavatenixe:

234 3293 293 3326 cum
313 3278 384 3324 eninr
404 3276 587 3339 disciplinam,
607 3277 650 3324 cui
671 3291 730 3323 sese
750 3275 783 3322 ad
797 3277 900 3333 'te-rar,
920 3277 1023 3338 insigni
1043 3277 1126 3324 animi
1153 3274 1334 3324 inclinatione
1359 3277 1408 3319 aut
1426 3278 1456 3320 ut

233 3362 322 3410 verius
342 3361 430 3409 dicam
450 3363 551 3423 pietate
570 3359 786 3422 amplecteretur,
806 3375 859 3408 uon
879 3378 975 3425 cupere
996 3378 1048 3408 neu
1069 3367 1174 3425 poterat
1193 3373 1312 3422 eaquae
1331 3355 1456 3404 tradebat

232 3461 312 3508 quam
331 3445 473 3509 aptissime
492 3444 708 3508 politissirneque
727 3445 883 3507 explanare.
905 3473 935 3481 -
955 3446 1062 3510 Optime
1081 3451 1171 3494 autem
1190 3443 1319 3492 convenit
1328 3441 1394 3490 huic
1407 3440 1455 3489 Co·

233 3529 360 3580 lumellae
378 3545 445 3591 erga
465 3528 641 3592 disciplinam
661 3530 705 3577 cui
726 3537 786 3576 erat
803 3530 911 3578 deditus
931 3531 1028 3595 pietati
1049 3533 1144 3578 mirum
1164 3530 1327 3593 penitusque
1342 3524 1454 3574 infixum

234 3615 351 3662 studium
373 3620 455 3676 atque
475 3631 555 3672 arnor,
575 3630 627 3677 quo
648 3629 733 3660 rerum
754 3621 867 3662 naturae
887 3614 994 3664 colebat
1012 3616 1203 3664 amoenitatem
1229 3619 1310 3676 atque
1329 3609 1456 3676 amplitu-

233 3699 338 3750 dinem:
358 3699 405 3762 qui
425 3697 538 3747 affectus
559 3700 585 3746 in
608 3714 685 3760 opere
704 3699 763 3746 eius
783 3701 934 3749 sexcenties
954 3707 1099 3748 occurrunt
1125 3699 1289 3759 legentibus.
1308 3725 1336 3733 -
1377 3696 1457 3759 Inge-

234 3786 308 3833 nium
327 3790 424 3834 autem.
444 3785 486 3831 eui
509 3783 632 3830 inhaeret
651 3789 706 3830 tam
725 3783 859 3846 protunda
880 3799 966 3832 rerum
984 3789 1098 3832 naturae
1119 3785 1220 3832 caritas
1240 3791 1322 3847 atque
1341 3782 1456 3831 adrnira-

233 3870 280 3929 tio,
299 3869 413 3932 simplex
433 3871 620 3931 sincerumque
640 3883 698 3913 csse
718 3867 803 3914 solere
822 3868 883 3931 quis
903 3867 1037 3926 necabit?
1074 3869 1109 3917 Et
1129 3869 1178 3918 has
1198 3871 1312 3918 virtutes
1325 3869 1376 3916 arti
1396 3883 1457 3932 poe·

234 3954 305 4004 tieae
323 3955 441 4017 profecto
461 3959 674 4016 peropportunus
688 3951 774 4000 faisse
794 3952 822 3998 in
842 3951 1000 4009 (tournella,
1019 3969 1051 4002 ex
1061 3971 1162 4003 moram
1171 3954 1339 4016 integritatis
1359 3953 1458 4012 studio,

235 4037 304 4099 rprred
324 4039 483 4100 saepissime
503 4036 640 4100 profitetur
660 4038 687 4084 iu
714 4053 793 4100 opere
813 4053 871 4092 sarci,
891 4037 1107 4088 luculentissime
1132 4043 1253 4103 apparet.
1294 4037 1458 4086 Consecrare

236 4123 306 4170 enirn
325 4123 403 4185 quasi
424 4121 513 4169 studet
534 4120 699 4184 disciplinae
719 4137 785 4170 strare
807 4122 953 4170 utilitatem
973 4139 1002 4171 eo
1022 4126 1092 4187 quod
1114 4126 1212 4189 optime
1239 4122 1297 4170 fieri
1316 4137 1396 4186 pesse
1415 4122 1459 4171 de·

235 4212 374 4264 monstrat,
393 4211 423 4254 ut
442 4207 516 4267 agris
536 4205 657 4254 colendis
678 4224 762 4254 mores
782 4208 882 4255 aetatis
902 4223 968 4256 suae
987 4208 1021 4256 ad
1042 4224 1139 4267 curum,
1156 4223 1223 4271 ques
1248 4209 1363 4257 ltomaui
1388 4208 1459 4256 anti-

235 4291 296 4353 quis
315 4291 497 4339 observabant
516 4293 688 4354 temporibus,
708 4293 867 4355 probitatem
880 4300 906 4341 et
924 4294 1110 4342 sinceritatem
1129 4309 1145 4342 a
1163 4293 1268 4358 perdita
1278 4291 1388 4342 luxuria
1398 4307 1459 4356 pos·

236 4374 292 4423 sint
310 4377 431 4425 revocari
451 4375 534 4442 (conf.
553 4377 698 4440 praecipue
718 4376 768 4424 hac
787 4375 819 4424 de
838 4391 865 4424 re
879 4377 967 4440 praef.
987 4377 1034 4427 lib.
1054 4378 1109 4438 l,§
1133 4377 1185 4442 14).
