3210 4846
767 281 961 344 ..11-

343 475 411 538 lam
438 497 512 538 vero
529 473 569 536 ad
595 481 763 555 troporum
788 468 1031 532 usitatissimum
1055 485 1169 547 genus,
1204 461 1243 524 ud
1269 459 1486 542 metapho-

261 601 341 654 ras,
364 578 572 642 accedamus:
606 573 787 656 exquibus
821 593 889 633 eam
923 567 1059 652 speciem
1090 564 1292 648 potissimum
1317 559 1486 644 usurpavit

261 680 447 756 Columella,
480 701 556 762 qua
580 676 706 740 verba
728 695 831 756 quae
865 670 1038 757 propria
1063 679 1160 732 sunt
1183 667 1229 730 rle
1252 664 1375 728 rebus
1397 662 1486 726 ani-

261 781 452 846 malibus
474 782 520 846 ad
544 779 746 844 inanimae
770 779 1097 838 transferuntur.

349 885 375 950 l.
411 884 462 948 In
496 883 617 948 rebus
656 879 849 944 inanimis
883 875 1116 940 animalium
1155 871 1296 934 mentis
1340 868 1486 932 animi-

258 1008 332 1068 que
350 986 600 1070 agitationes
622 984 722 1047 lacit
744 981 925 1044 orientes.
973 977 1080 1040 Huius
1107 974 1230 1054 generis
1255 977 1331 1036 haee
1358 973 1484 1055 protero

259 1094 418 1171 exempla:
455 1111 482 1150 v.
519 1089 575 1150 14:
609 1089 737 1166 (natura
770 1083 841 1166 soli)
881 1079 1132 1165 palmitibusque
1166 1077 1242 1140 seris
1281 1075 1486 1144 laetatur,

260 1190 352 1254 llanc
376 1189 613 1254 translationem
637 1187 725 1252 verbi
749 1184 899 1262 „laetnri“
921 1189 971 1246 vel
994 1180 1172 1266 ‚agaurlere“
1195 1177 1322 1262 saepius
1344 1177 1487 1242 iuvenies

258 1293 344 1376 apud
359 1291 570 1357 Columellam
598 1311 655 1354 nee
678 1313 741 1354 non
764 1287 850 1368 apud
869 1284 1057 1370 Vergilium.
1103 1282 1197 1346 Conl.
1218 1290 1378 1365 praeterea
1400 1279 1487 1363 apud

259 1394 328 1461 Col.
353 1417 382 1459 v.
408 1397 463 1468 16;
486 1417 514 1460 v.
540 1394 617 1468 16&
650 1415 679 1456 v.
704 1394 782 1467 257;
806 1391 893 1474 apud
910 1387 1088 1468 Vergilium
1112 1385 1153 1450 G.
1176 1385 1220 1480 ΙΙ,
1246 1387 1324 1460 1813
1348 1380 1487 1471 E01.1V‚

259 1503 315 1574 523
339 1497 400 1574 IX,
423 1500 473 1561 48.
496 1531 538 1544 -
561 1518 591 1557 v.
616 1497 673 1558 54:
708 1493 792 1557 Solis
827 1505 858 1556 et
891 1492 1041 1555 adversos
1076 1500 1270 1552 metuant
1305 1485 1488 1550 Atlantides

258 1609 357 1675 ortus,
380 1605 510 1662 tortasse
534 1597 713 1660 secundum
727 1593 820 1660 V.G.
846 1595 872 1672 l,
896 1597 973 1660 246:
997 1595 1114 1656 Arctos
1126 1590 1236 1655 oceani
1260 1599 1488 1654 metuentes

257 1723 394 1782 aequore
415 1701 527 1780 tingui.
573 1699 647 1762 Huc
666 1699 760 1763 etiam
773 1698 909 1782 quadmt
933 1697 1000 1761 Col.
1024 1719 1052 1758 v.
1067 1697 1144 1758 249:
1168 1715 1225 1758 uec
1249 1693 1361 1756 metuit
1384 1702 1489 1756 sentes

260 1802 448 1886 (bryonias).
493 1802 682 1867 Simillimus
705 1808 753 1862 est
776 1823 885 1863 versus
904 1797 1036 1882 Vergilii
1061 1795 1119 1860 Ge.
1144 1796 1186 1871 ΙΙ,
1210 1797 1271 1861 333
1296 1816 1353 1858 nec
1375 1794 1488 1859 metuit

259 1905 417 1983 surgentis
440 1903 613 1987 panqiinus
643 1915 776 1967 austros.
790 1939 832 1948 -
847 1924 875 1963 v.
899 1905 962 1966 408
986 1900 1083 1983 (mala
1105 1897 1249 1980 Persica)
1273 1893 1409 1960 oblita
1432 1917 1488 1958 no·

260 2006 362 2080 cendi,
385 2011 421 2070 cf.
447 2005 484 2068 V.
509 2003 547 2069 G.
572 2003 586 2065 Ι
595 2004 618 2071 Ι,
641 2005 731 2086 59¹).

344 2114 372 2172 2.
397 2105 704 2169 Resinauirnas
723 2105 975 2166 animalium
994 2104 1168 2186 negotia
1187 2101 1486 2187 gerentescusi-

262 2207 420 2290 busque
443 2208 688 2269 animalium
714 2208 831 2269 vitae
853 2206 1045 2290 propriis
1078 2206 1292 2273 obnoxias
1314 2203 1489 2267 inducit

260 2313 371 2392 (atque
394 2308 469 2372 huic
493 2309 694 2391 metaphorae
708 2307 887 2371 Columella
904 2313 953 2370 vel
978 2309 1115 2372 maxime
1136 2307 1294 2388 indulsit).
1339 2306 1434 2370 Clam
1455 2306 1489 2369 in

261 2417 331 2475 luce
353 2433 422 2474 eam
447 2433 562 2494 ponere
587 2413 725 2474 conabor
748 2411 797 2472 his
821 2412 989 2492 exemplis:
1033 2434 1064 2480 v,
1087 2415 1106 2472 a
1129 2411 1235 2494 (ager)
1259 2414 1362 2472 trusus
1384 2409 1488 2492 graei-

260 2512 305 2576 les
328 2513 528 2577 imitatur
551 2537 662 2577 arenas
687 2514 715 2578 b.
738 2537 763 2576 e.
787 2514 832 2576 ita
856 2514 964 2578 molles
992 2536 1028 2576 ac
1051 2527 1175 2577 tenerae
1211 2525 1287 2574 sunt
1320 2512 1388 2575 eius
1421 2509 1488 2594 agri

259 2615 400 2699 glaebae,
424 2629 460 2679 ut
482 2619 508 2678 si
532 2617 755 2700 perfodiuntur
788 2639 900 2680 arenae
933 2618 1010 2680 fiant
1033 2617 1161 2684 similes.
1207 2615 1306 2678 Hune
1329 2613 1488 2696 tropicum

262 2717 408 2780 vocabuli
431 2718 588 2793 ,‚inritari“
613 2741 706 2781 usum
730 2727 890 2802 praetcrea
913 2718 991 2802 legis
1015 2720 1100 2800 apud
1121 2716 1335 2782 Columellam
1361 2740 1390 2782 v.
1412 2719 1489 2796 lt23

261 2842 290 2886 v.
314 2821 395 2900 241;
420 2842 448 2884 v.
472 2824 550 2895 2453
574 2822 661 2904 apml
698 2820 876 2905 Vergilium
911 2828 992 2883 eont'.
1026 2817 1066 2884 G.
1091 2818 1285 2893 1V‚7a.—
1319 2843 1349 2883 v.
1373 2821 1487 2884 9-10Ι

259 2923 367 3003 Atque
380 2921 496 2984 babilis
513 2937 625 2986 natura
649 2923 719 2998 soli,
743 2922 981 3005 ‹liraegramine
1004 2921 1085 2985 laeto
1110 2923 1312 2989 Parturit.
1335 2929 1373 2986 cf.
1398 2943 1489 3004 prae-

260 3033 344 3088 terea
384 3023 451 3089 Col.
485 3028 546 3087 413
581 3037 609 3087 et
651 3026 737 3107 apud
783 3024 960 3107 Vergilium
1002 3025 1167 3108 aptissime
1204 3023 1243 3091 G.
1277 3025 1327 3101 ll,
1361 3025 1425 3087 330
1458 3035 1490 3086 et

263 3125 328 3191 lta.
352 3125 410 3201 ΙΙΙ,
434 3130 482 3191 56.

345 3230 454 3309 Atque
477 3234 551 3290 hacc
576 3228 748 3305 translatio,
771 3250 833 3310 qua
869 3228 995 3310 plantae
1028 3253 1124 3312 super
1156 3242 1271 3292 terram
1295 3234 1490 3306 emergentes

260 3343 423 3413 tamquam
448 3343 539 3412 partu
565 3353 581 3392 e
607 3345 747 3393 irraterna
770 3336 840 3392 alvo
863 3332 966 3394 editae
989 3332 1158 3414 finguntur
1180 3333 1298 3395 utaliis
1322 3332 1423 3415 poetis
1445 3331 1490 3394 ita

331 3603 355 3664 Ι)
374 3603 450 3653 Addo
470 3604 513 3653 liic
533 3604 614 3652 lruiua
635 3605 742 3665 gerionis
762 3593 911 3654 norumllas
939 3605 1146 3663 translationes,
1175 3609 1204 3656 in
1232 3607 1331 3672 quibus
1360 3604 1489 3654 adhiben-

260 3688 302 3738 dis
330 3677 481 3737 Columella
502 3706 554 3738 nou
576 3689 674 3754 pendet
693 3707 724 3738 rx
747 3690 963 3748 Vergilianerum
981 3693 1131 3740 carminum
1151 3691 1318 3742 imitatione:

328 3790 354 3828 v,
376 3779 424 3825 75:
445 3775 554 3838 iraeque
574 3775 692 3823 obnoxia
711 3775 791 3823 (lauri
810 3778 827 3823 i.
840 3793 862 3824 e.
883 3791 953 3839 quae
971 3781 1067 3840 patent
1086 3775 1168 3824 Carrri
1188 3777 1310 3826 flatibus.
1327 3805 1360 3812 -
1378 3794 1402 3826 v.
1426 3783 1487 3827 102:

262 3860 376 3908 nimium
397 3875 458 3907 rosa
477 3857 559 3922 plerm
578 3861 698 3923 pmloris.
722 3887 747 3896 -
769 3877 794 3910 v.
816 3862 878 3911 152:
906 3859 1025 3924 (planta)
1054 3877 1103 3909 uec
1130 3867 1237 3910 unitata
1261 3861 1319 3910 loeo
1339 3863 1426 3912 siccos
1446 3880 1485 3910 ex·

262 3944 368 3993 horreat
378 3954 471 3993 aestus
499 3973 531 3978 -
552 3959 576 3992 v.
598 3951 644 3994 197
658 3961 728 4009 sqq:
749 3961 820 3994 nuuc
832 3947 945 4010 spiritus
956 3947 1029 3994 orbis
1044 3945 1197 3996 Bacchatur
1211 3946 1308 3995 Veneri
1318 3945 1491 4010 stimulisque

262 4030 400 4093 cupidinis
419 4037 497 4078 aetus
518 4029 579 4094 Ipse
599 4047 662 4078 suas
683 4031 793 4079 adamat
811 4039 901 4094 partos
922 4030 987 4095 (llis
1015 4031 1106 4081 vorbis
1138 4030 1289 4080 Columella
1315 4031 1370 4079 vim
1394 4032 1490 4094 germi-

264 4115 398 4170 nationis,
419 4130 488 4177 quae
508 4121 593 4163 tarrac
621 4117 747 4163 vernanti
775 4117 855 4173 inest,
883 4115 1041 4179 procreandi
1064 4114 1187 4175 libidine,
1206 4131 1261 4180 qua
1284 4116 1397 4179 spiritus
1417 4116 1490 4165 erbis

261 4197 449 4257 inflammetur,
468 4197 538 4247 alliot
558 4199 633 4247 tacit.
671 4199 761 4263 (Apud
783 4199 932 4262 Vergilium
960 4198 1122 4258 „bacchari“
1149 4200 1231 4249 semel
1255 4203 1358 4265 tropice
1377 4216 1490 4267 usurpa·

265 4287 308 4332 tur
327 4283 392 4330 Aen.
411 4282 458 4343 IV,
478 4289 527 4334 etti
563 4283 711 4332 baechatur
729 4285 802 4332 laum
820 4301 866 4349 per
885 4283 997 4350 urbem.)
1017 4311 1049 4320 -
1068 4300 1093 4334 v.
1113 4291 1179 4337 3⁹5:
1200 4284 1333 4350 (cucumis
1353 4285 1490 4336 labentem

261 4366 361 4418 undam
381 4367 508 4435 sequeus)
529 4368 612 4418 uitulo
631 4375 763 4420 teneratur
781 4385 877 4419 amoro.
