3210 4846
361 1297 463 1374 lm
490 1293 932 1374 cobumbe
959 1279 1317 1370 vulcat-'1211

368 1425 373 1436 ’
629 1411 1061 1492 mmmmm.

311 1638 331 1724 ξ
356 1645 381 1704 1.
405 1637 617 1702 Monumenta
639 1656 721 1717 quae
743 1633 873 1716 reliquit
897 1632 1057 1712 Vergilius
1080 1653 1212 1715 poeseos
1223 1631 1264 1695 ad
1288 1653 1452 1696 summum

225 1742 399 1804 maiestatis
418 1737 660 1818 venustatisque
681 1735 820 1819 gradum
844 1735 1015 1818 perductae
1037 1733 1116 1797 adeo
1139 1755 1201 1797 non
1225 1734 1346 1796 frustra
1365 1733 1455 1798 inve-

225 1841 332 1905 nimus
354 1839 532 1925 posteritati
555 1839 652 1901 fuisse
675 1837 812 1920 prodita,
836 1844 872 1899 ut
891 1835 984 1898 multi
999 1835 1215 1899 Romanorum
1228 1842 1338 1920 poetae
1360 1836 1455 1899 etiam

226 1965 264 2006 ex
287 1943 326 2006 iis
349 1945 406 2025 qui
427 1943 630 2025 aliquantum
661 1940 814 2022 temporis
844 1948 917 2022 post
953 1937 1098 2001 Maronis
1127 1936 1283 2008 florebant
1319 1949 1453 2002 aetatem

226 2067 285 2109 sua
306 2045 368 2130 ipsi
391 2045 532 2109 carmina
554 2043 594 2106 ad
625 2040 894 2124 praeclarissimae
927 2039 1066 2122 poetices
1099 2039 1294 2124 exemplaria
1328 2039 1368 2104 ab
1401 2039 1456 2104 illo

226 2148 392 2232 proposita
415 2145 549 2209 sollicite
571 2144 736 2206 studerent
757 2143 1007 2220 accommodare,
1029 2142 1074 2206 ita
1100 2141 1194 2206 etiam
1219 2141 1285 2205 suis
1307 2139 1458 2225 operibus

229 2249 371 2330 poeticae
395 2245 529 2330 Vergilii
552 2245 657 2308 laudis
681 2243 846 2329 splendore
869 2245 991 2307 lumina
1013 2245 1118 2308 afferri
1141 2265 1234 2328 posse
1257 2237 1455 2307 satis'conli·

228 2349 340 2414 denter
362 2347 511 2413 arbitrati.
556 2345 762 2430 Quamquam
785 2358 893 2408 autem
916 2347 978 2410 tale
1001 2347 1146 2410 studium
1169 2345 1196 2408 si
1217 2356 1302 2411 recte
1313 2365 1459 2410 exercea-

230 2458 284 2514 tur
317 2472 382 2515 rem
416 2472 484 2514 esse
516 2471 592 2513 sane
625 2447 827 2532 scopulosam
861 2462 957 2530 atque
991 2447 1146 2512 lubricam
1181 2469 1273 2522 nemo
1310 2470 1372 2512 non
1409 2447 1457 2510 vi·

231 2551 294 2629 det,
318 2563 424 2616 tamen
449 2551 606 2617 eiusmodi
628 2561 794 2635 poetarum
818 2551 1066 2632 haudquaquam
1089 2543 1227 2638 exiguus
1244 2571 1459 2636 numerusex·

229 2653 412 2718 oriebatur:
435 2658 498 2716 fere
521 2674 631 2715 ornnes
654 2652 737 2716 enim
761 2654 818 2735 qui
841 2659 914 2735 post
926 2651 1103 2736 Vergilium
1117 2629 1477 2740 carmiuaepica'riom·.

231 2754 606 2838 posueruntAeneidem‚
628 2755 842 2838 quippequae
866 2778 931 2819 una
953 2765 1078 2839 praeter
1088 2753 1223 2841 Homeri
1235 2739 1457 2844 operacurnu·

230 2857 295 2920 lata
318 2856 448 2922 haberet
470 2855 578 2919 omnia
591 2856 658 2918 veri
680 2855 762 2939 epici
785 2857 935 2920 carminis
958 2856 1097 2941 propria,
1110 2853 1159 2918 vel
1172 2845 1455 2948 medimedignam

231 2957 464 3034 iudicaverant,
487 2957 539 3020 cui
563 2979 621 3020 sua
644 2957 786 3020 carmina
808 2958 973 3021 redderent
997 2955 1128 3031 sinrilia;
1151 2957 1206 3020 sed
1235 2978 1275 3019 ne
1299 2956 1459 3022 Bucolicis

233 3058 364 3140 quidem
387 3067 420 3123 et
441 3058 607 3138 (ieorgicis
633 3057 765 3142 Vergilii
789 3060 919 3122 deerant
941 3059 1125 3126 imitatores.
1190 3115 1192 3120 .

317 3158 444 3224 Talium
469 3158 603 3244 Vergilii
626 3159 826 3235 aemulorum
849 3182 889 3223 ex
912 3182 1046 3223 numero
1076 3161 1161 3224 haud
1185 3151 1251 3246 scio
1273 3183 1314 3225 an
1336 3161 1462 3240 dignior

233 3270 382 3326 accurata
405 3261 656 3326 consideratione
678 3283 771 3324 nemo
794 3262 836 3324 sit
859 3262 898 3332 L.
921 3262 943 3326 J
954 3263 1062 3326 unio
1086 3262 1311 3327 Moderato
1341 3253 1465 3330 Colu-

235 3363 367 3429 mella.
391 3362 494 3427 Miror
516 3369 656 3447 profecto
665 3363 761 3426 huius
785 3364 948 3447 scriptoris
969 3363 1001 3426 in
1032 3365 1182 3448 operibus
1206 3370 1331 3432 tantula
1354 3365 1462 3430 studia

233 3487 253 3529 a
275 3465 352 3527 viris
375 3465 476 3529 doctis
498 3486 566 3528 esse
579 3465 741 3540 collocata,
765 3473 811 3541 ut,
833 3485 907 3527 cum
931 3465 1128 3544 accingerem
1154 3489 1203 3530 me
1215 3468 1255 3530 ad
1267 3467 1462 3552 opusculum

234 3565 321 3647 quod
343 3565 394 3628 hic
416 3588 559 3652 propono
581 3567 923 3651 circumspiceremque
946 3565 1098 3643 subsidia,
1120 3589 1297 3652 perpaucos
1322 3575 1465 3654 profecto

236 3665 334 3730 libros
356 3667 543 3744 invenirem,
565 3689 702 3750 quorum
725 3675 916 3753 argumenta
939 3667 978 3728 ad
1002 3668 1034 3730 id
1066 3669 1153 3748 quod
1187 3676 1323 3734 tractare
1346 3671 1465 3735 consti-

235 3775 360 3832 tueram
383 3768 620 3851 quodammodo
643 3769 840 3853 pertinerent
854 3770 889 3851 ¹).
948 3766 1040 3849 Quae
1073 3770 1229 3855 neglectio
1261 3784 1370 3839 autem
1401 3793 1468 3836 non

306 3973 333 4040 l)
352 3974 392 4024 Ac
410 3975 525 4039 primum
544 3973 618 4024 haud
636 3973 807 4023 mediocriter
822 3974 977 4024 ¹adiuvabat
994 3973 1045 4025 has
1064 3977 1241 4041 quaestiones
1259 4005 1292 4014 -
1311 3983 1342 4028 nt
1359 3982 1466 4028 taceam

236 4060 370 4112 editiones
390 4059 504 4110 Gesneri
523 4064 550 4109 et
567 4058 727 4110 Schneideri
744 4086 778 4096 -
796 4059 947 4124 recognitio
966 4061 1097 4111 carminis
1125 4061 1292 4113 Columellas
1317 4062 1353 4113 ab
1370 4060 1398 4114 J.
1416 4060 1467 4112 ch.

237 4144 426 4195 Wernsdoriio
452 4144 517 4194 olim
535 4143 642 4208 prolata
670 4143 757 4210 (Poet.
786 4144 835 4197 lat.
863 4147 928 4198 min.
953 4146 1007 4199 vol.
1035 4146 1083 4208 VI,
1101 4161 1165 4213 pars
1184 4146 1206 4209 Ι,
1224 4164 1288 4214 pag.
1312 4152 1343 4198 ³1
1366 4146 1466 4213 seqq.):

238 4230 284 4295 qui
303 4230 346 4279 vir
363 4229 393 4278 in
411 4233 551 4294 poetarum
570 4226 717 4278 latinorum
735 4231 862 4295 operibus
882 4231 982 4296 optime
1000 4238 1127 4283 versatus
1145 4233 1175 4282 in
1186 4233 1267 4294 notis,
1285 4233 1387 4298 quibus
1408 4246 1466 4282 cer-

238 4329 299 4364 men
318 4312 486 4364 Columellas
503 4312 664 4373 illustrarit,
682 4329 743 4363 cum
755 4312 901 4364 multamm
918 4316 1124 4380 ingeniosorum
1139 4316 1353 4382 explicationum
1372 4320 1468 4366 auctor

239 4398 354 4459 exstitit,
372 4403 430 4448 tum
447 4397 611 4448 imitationis
630 4397 757 4462 Vergilii,
777 4399 934 4464 ubicunqne
952 4401 978 4449 ei
997 4399 1102 4450 elucere
1120 4399 1266 4452 videbatur
1293 4400 1323 4449 in
1341 4399 1390 4450 illo
1409 4414 1467 4449 car·
