3210 4846
632 281 846 346 ..28-

278 466 392 530 Altera
412 470 509 527 erebra
530 471 610 542 u'ret3
631 471 721 528 fusco
744 464 823 530 nitet
844 465 944 530 altera
966 465 1068 540 crine;

278 567 426 651 Utraque
450 567 581 632 Caecilii
604 566 644 630 de
666 571 770 628 nomine
790 571 864 628 dieta
888 566 1021 631 Metelli.

273 670 392 746 Tertia,
414 691 498 753 quae
520 675 618 748 spissa
642 670 698 732 sed
722 691 805 753 puro
828 670 945 733 vertice
967 674 1074 754 pallet,

273 771 364 836 Haec
387 794 446 836 sua
467 771 678 856 Cappadocae
701 778 808 835 servat
829 771 1021 857 cognomina
1043 773 1160 856 gentis.

119 871 191 936 185.
271 872 314 937 Et
338 895 417 950 mea,
440 896 539 957 quam
563 886 720 958 generant
742 871 866 937 Tartesi
890 871 981 938 litore
1005 872 1123 952 Gades,

277 974 425 1040 Candida
447 976 573 1040 vibrato
597 976 791 1052 discrimine,
813 975 951 1039 candida
974 980 1082 1058 thyrso
1104 985 1161 1040 est.

276 1078 400 1161 Cypros
423 1078 499 1142 item
522 1078 645 1163 Paphio
668 1101 766 1162 quam
787 1085 899 1157 pinquis
922 1085 1009 1140 murt
1030 1079 1064 1142 in
1087 1100 1173 1149 arvo,

274 1178 417 1244 Punioea
439 1180 561 1265 depexa
585 1203 686 1258 coma,
709 1182 762 1245 sed
786 1181 888 1246 lactea
910 1203 1003 1245 crure
1025 1192 1081 1245 est.

275 1284 346 1354 Quot
360 1287 460 1358 saetae
483 1287 590 1344 taudem
612 1295 688 1347 sunt
710 1285 850 1366 tempora
873 1300 1024 1367 quamque
1047 1284 1180 1351 serendi.

122 1382 193 1448 190.
276 1382 448 1446 Caeciliam
473 1386 569 1467 primo
594 1385 726 1468 deponit
748 1388 897 1468 aquarius
920 1403 1010 1468 auno,

276 1483 568 1569 Cappadocamque
590 1489 707 1570 premit
728 1486 815 1550 ferali
840 1509 947 1552 mense
969 1488 1147 1572 Lupercus.

273 1585 389 1670 Tuque
413 1587 487 1664 tuis,
511 1587 641 1652 Mavors
664 1588 830 1653 Tartesida
852 1611 955 1674 pange
982 1589 1147 1666 Calendis,

275 1687 391 1771 Tuque
414 1690 488 1767 tuis,
511 1690 644 1775 Paphie,
667 1691 824 1775 Paphiam
848 1693 989 1776 depunge
1013 1692 1177 1769 Calendis,

274 1790 363 1854 Dum
388 1791 479 1872 cupit
501 1803 533 1855 et
555 1793 692 1876 cupidae
715 1795 841 1876 quaerit
863 1816 896 1857 se
919 1795 1050 1878 iungere
1075 1795 1176 1872 matri,

123 1893 193 1957 195.
275 1893 318 1956 Et
343 1904 443 1958 mater
465 1895 549 1959 facili
574 1895 760 1959 mollissime
786 1898 927 1961 subiacet
949 1919 1037 1961 arvo.

275 1996 438 2073 lagenam,
461 2019 549 2060 nunc
572 2005 648 2060 sunt
668 1999 815 2079 genlldlla
836 2000 976 2082 lampaia
999 2000 1120 2065 mundi:

276 2095 372 2160 Nunc
394 2119 484 2161 amor
506 2099 546 2162 ad
570 2099 673 2162 coitus
695 2114 855 2182 properat,
879 2122 965 2164 nuno
986 2107 1102 2178 spiritus
1123 2105 1197 2162 orbis

272 2196 451 2262 Bacchatur
475 2198 602 2277 Veneri,
626 2199 829 2284 stimulisque
852 2202 1013 2286 cupidinis
1036 2214 1127 2267 actus

274 2304 340 2378 Ipse
361 2323 428 2362 euos
454 2300 581 2366 adamat
602 2317 707 2380 partes,
730 2314 760 2366 et
783 2303 902 2367 letibus
927 2305 1048 2388 implet.

122 2403 195 2472 200,
274 2400 372 2468 Nunc
392 2411 485 2487 pater
507 2407 695 2487 aequoreus,
718 2426 805 2468 nune
831 2416 862 2468 et
885 2409 1029 2488 regnator
1051 2424 1210 2490 aquarum,

271 2505 328 2569 Ille
351 2528 443 2571 suum
465 2505 604 2590 Tethyn,
627 2506 680 2569 hio
703 2507 824 2590 pellicit
846 2509 1084 2592 Amphitriten:

271 2606 317 2670 Et
339 2608 403 2672 iam
420 2614 582 2674 caeruleos
605 2620 715 2692 partus
739 2617 819 2671 euim
842 2601 949 2672 marito

119 2829 167 2865 sus
191 2815 355 2866 ltovidetur
373 2815 431 2866 col.
449 2815 653 2865 accommodare
672 2815 793 2865 voluisse
804 2815 946 2865 clausulae
954 2831 1049 2866 versus
1057 2815 1115 2866 Eel.
1134 2818 1178 2876 IV,
1197 2821 1242 2867 61:
1266 2815 1346 2864 Matri

121 2898 208 2966 longa
230 2900 322 2951 decem
349 2899 471 2950 tulerunt
495 2899 610 2950 fastidia
635 2915 751 2950 menses.
776 2928 808 2936 -
835 2916 860 2951 v.
887 2905 950 2954 181:
979 2902 1060 2950 Initio
1089 2901 1158 2950 coni.
1185 2901 1349 2966 principium

119 3001 215 3036 versus
233 2987 264 3035 V.
283 2984 315 3038 G.
333 2987 378 3046 III,
397 2990 461 3036 500:
481 2983 580 3034 Crebra
599 2984 670 3037 ierit.
690 3012 723 3020 —
741 3001 766 3035 v.
787 2990 851 3034 iss:
871 2985 965 3034 Verbis
985 2986 1034 3046 „de
1059 2987 1166 3036 nomine
1195 2987 1269 3036 dicta
1294 2986 1349 3034 Me·

119 3069 196 3120 tellr‘
216 3070 320 3120 similes
339 3076 404 3120 sunt
432 3068 574 3120 clausulae
600 3085 727 3119 versuum
750 3071 779 3120 V.
799 3069 830 3120 G.
851 3069 896 3130 IV,
924 3077 990 3124 ³56:
1018 3076 1060 3132 „te
1088 3070 1222 3124 crudelem
1241 3071 1349 3120 nomine

121 3155 206 3205 diatr‘
225 3160 253 3206 et
269 3155 337 3205 Aen.
356 3158 376 3216 1,
395 3158 461 3210 277:
480 3170 529 3204 suo
549 3155 581 3202 de
610 3156 718 3202 nomine
747 3155 827 3205 dicet.
850 3184 883 3190 -
902 3173 927 3206 v.
954 3162 1019 3206 iser
1046 3161 1153 3223 ‚spisso
1178 3184 1210 3191 —
1229 3157 1348 3206 vertioe“

115 3239 185 3290 dicit
201 3237 259 3291 Col.
276 3240 394 3290 fortasse
411 3255 509 3289 memor
536 3241 678 3291 verborum
705 3240 811 3305 „spisso
839 3267 871 3276 -
890 3243 1007 3290 ulminc“
1032 3245 1062 3292 V.
1083 3243 1114 3295 (i.
1134 3245 1166 3300 Il,
1186 3247 1245 3291 241.
1268 3269 1300 3278 —
1320 3257 1345 3290 v.

118 3330 183 3388 187;
203 3324 352 3375 Clausulas
369 3340 465 3375 versus
484 3325 555 3376 conf.
573 3325 606 3375 V.
626 3323 659 3373 G.
682 3327 715 3384 II,
734 3331 797 3376 425:
831 3324 888 3375 Hoc
915 3327 1044 3390 pinguem
1069 3333 1096 3376 et
1123 3326 1254 3392 placitam
1279 3325 1347 3376 Tuci

117 3411 235 3460 nutritor
253 3409 362 3460 olivam.
380 3417 414 3447 -“-
432 3426 458 3462 v.
479 3415 544 3467 189;
562 3409 674 3458 Initium
692 3410 806 3474 petiisse
826 3410 932 3459 videtur
958 3411 1015 3462 Col.
1045 3412 1239 3476 quodammodo
1266 3428 1298 3461 ex
1317 3411 1348 3461 G.

115 3497 136 3554 1,
156 3499 218 3558 506;
240 3493 373 3562 (totbella
390 3511 438 3560 per
456 3494 556 3560 orbem)
576 3494 644 3543 Tam
664 3493 765 3544 multae
785 3493 915 3543 scelerum
935 3494 1030 3544 facies.
1069 3496 1178 3545 Exitum
1198 3477 1349 3546 huiusver·

117 3593 165 3628 sus
184 3579 244 3630 siue
263 3579 346 3630 dubio
365 3580 531 3646 deprompsit
549 3595 581 3629 ex
600 3580 632 3629 G.
650 3582 671 3640 1,
691 3585 753 3631 253:
772 3584 930 3650 tempusque
950 3581 1070 3642 serendi;
1089 3580 1215 3631 aretiam
1240 3580 1296 3631 Col.
1323 3597 1349 3632 v·

116 3667 158 3714 35.
177 3691 211 3700 -
229 3681 254 3715 v.
281 3670 346 3720 190:
373 3665 447 3716 Huic
466 3666 557 3715 versui
576 3665 734 3715 simillimus
753 3671 795 3714 est
813 3681 908 3715 vorsus
938 3669 968 3718 V.
988 3666 1021 3716 d.
1040 3670 1084 3721 111.
1105 3672 1170 3717 sot:
1197 3667 1253 3714 Iam
1274 3664 1349 3714 cadit

114 3753 286 3816 extremoque
304 3753 407 3801 inrorat
424 3750 562 3815 Aquarius
583 3766 664 3801 anuo.
707 3751 871 3811 Lectionom,
900 3768 981 3815 quam
1007 3751 1148 3801 vindicavi
1174 3751 1265 3800 versui
1293 3755 1348 3808 19³,

113 3834 215 3897 profert
232 3835 432 3886 Wernsdorfius
451 3837 479 3885 in
499 3821 618 3884 editione
639 3851 697 3884 sua.
716 3864 749 3871 —
768 3853 791 3886 v.
816 3841 879 3886 1⁹6:
898 3839 928 3884 In
949 3838 1023 3886 exitu
1042 3838 1103 3886 sine
1123 3836 1204 3885 dubio
1223 3835 1348 3885 imitatur

114 3915 172 3972 col.
192 3919 224 3972 V.
243 3919 274 3971 G.
292 3923 326 3982 11,
344 3927 414 3975 324:
433 3919 568 3985 genitalia
587 3920 691 3968 semina
710 3926 842 3984 poscunt;
861 3921 895 3973 cl.
915 3921 972 3973 Col.
992 3939 1017 3974 v.
1029 3927 1060 3972 95
1080 3929 1106 3971 et
1119 3926 1175 3972 106.
1194 3917 1227 3956 '—
1246 3937 1271 3972 v.
1283 3923 1346 3970 197:

114 4001 264 4055 Clausulas
291 4021 386 4056 versus
413 4006 485 4057 eunt.
514 4006 546 4056 V.
578 4003 610 4054 G.
635 4003 680 4063 lV,
708 4010 773 4057 300:
802 4021 880 4066 nares
908 4011 935 4054 et
954 4007 1068 4070 spiritus
1087 4007 1150 4056 oris.
1170 4031 1202 4040 —
1223 4003 1263 4053 De
1282 4020 1347 4053 voce

115 4088 298 4148 „bacchatur“
316 4091 434 4139 disserui
453 4104 516 4154 pag.
538 4095 576 4138 ll.
594 4114 627 4125 --
646 4103 671 4138 v.
692 4093 754 4140 199:
772 4091 885 4138 Initium
903 4105 999 4139 versus
1018 4089 1079 4139 tort.
1097 4090 1178 4155 petiit
1189 4087 1249 4146 Col.
1265 4104 1297 4138 ex
1316 4089 1346 4138 V.

114 4172 182 4222 Aen.
201 4172 263 4235 XII,
281 4181 347 4227 393:
367 4177 429 4239 lpaa
448 4190 514 4224 suas
533 4179 616 4226 artes.
637 4200 670 4208 —
688 4189 714 4224 v.
735 4179 800 4224 2002
819 4172 978 4224 Clausulam
998 4174 1080 4224 huius
1099 4187 1194 4224 vorsus
1214 4174 1274 4223 sine
1290 4172 1346 4222 ullo

114 4255 196 4308 dubio
215 4264 355 4309 mutuatus
375 4265 417 4308 est
434 4276 468 4309 ex
486 4261 516 4310 V.
534 4259 603 4310 Aen.
622 4257 695 4319 VIII,
715 4262 761 4314 77:
782 4259 913 4324 Corniger
924 4259 1107 4325 Hesperidum
1120 4259 1237 4310 Flavius
1248 4273 1346 4322 renga-

114 4347 156 4393 tor
174 4359 306 4409 aquarum
325 4343 357 4411 (i.
375 4359 398 4395 e.
415 4342 577 4412 Eridanus).
594 4370 628 4381 -
645 4359 672 4397 v.
691 4349 752 4396 202:
772 4342 921 4394 Clausulas
939 4357 1035 4394 versus
1054 4342 1211 4394 simiIIImus
1239 4348 1282 4393 est
1300 4329 1344 4393 ex·
