<?xml version="1.0" encoding="UTF-8"?>
<!DOCTYPE html PUBLIC "-//W3C//DTD XHTML 1.0 Transitional//EN"
    "http://www.w3.org/TR/xhtml1/DTD/xhtml1-transitional.dtd">
<html xmlns="http://www.w3.org/1999/xhtml" xml:lang="en" lang="en">
 <head>
  <title>
</title>
<meta http-equiv="Content-Type" content="text/html;charset=utf-8" />
  <meta name='ocr-system' content='tesseract 3.04.00' />
  <meta name='ocr-capabilities' content='ocr_page ocr_carea ocr_par ocr_line ocrx_word'/>
</head>
<body>
  <div class='ocr_page' id='page_1' title='image "./decolumellaverg00schrgoog_0016.png"; bbox 0 0 3210 4846; ppageno 0'>
   <div class='ocr_carea' id='block_1_1' title="bbox 775 273 955 334">
    <p class='ocr_par' dir='ltr' id='par_1_1' title="bbox 775 273 955 334">
     <span class='ocr_line' id='line_1_1' title="bbox 775 273 955 334; baseline 0.011 -16"><span class='ocrx_word' id='word_1_1' title='bbox 775 273 955 334; x_wconf 77' lang='grc'>..9-</span> 
     </span>
    </p>
   </div>
   <div class='ocr_carea' id='block_1_2' title="bbox 250 457 1485 4222">
    <p class='ocr_par' dir='ltr' id='par_1_2' title="bbox 251 457 1481 1260">
     <span class='ocr_line' id='line_1_2' title="bbox 252 457 1478 548; baseline 0.006 -28"><span class='ocrx_word' id='word_1_2' title='bbox 252 458 429 520; x_wconf 84' lang='lat' dir='ltr'><strong>lacticis</strong></span> <span class='ocrx_word' id='word_1_3' title='bbox 462 469 558 540; x_wconf 88' lang='lat' dir='ltr'><strong>atque</strong></span> <span class='ocrx_word' id='word_1_4' title='bbox 593 457 913 541; x_wconf 83' lang='lat' dir='ltr'><strong>lexioelogicis,</strong></span> <span class='ocrx_word' id='word_1_5' title='bbox 948 481 1051 542; x_wconf 87' lang='lat' dir='ltr'><strong>neque</strong></span> <span class='ocrx_word' id='word_1_6' title='bbox 1073 459 1313 543; x_wconf 80' lang='lat' dir='ltr'><strong>singularitates</strong></span> <span class='ocrx_word' id='word_1_7' title='bbox 1337 464 1478 548; x_wconf 88' lang='lat' dir='ltr'><strong>proprie·</strong></span> 
     </span>
     <span class='ocr_line' id='line_1_3' title="bbox 252 560 1481 646; baseline 0.007 -24"><span class='ocrx_word' id='word_1_8' title='bbox 252 572 395 642; x_wconf 85' lang='lat' dir='ltr'><strong>tatesque</strong></span> <span class='ocrx_word' id='word_1_9' title='bbox 418 560 572 642; x_wconf 83' lang='lat' dir='ltr'><strong>qrmsdam</strong></span> <span class='ocrx_word' id='word_1_10' title='bbox 589 583 690 642; x_wconf 90' lang='lat' dir='ltr'><strong>ueque</strong></span> <span class='ocrx_word' id='word_1_11' title='bbox 715 561 1072 646; x_wconf 88' lang='lat' dir='ltr'><strong>voluntariamVergilii</strong></span> <span class='ocrx_word' id='word_1_12' title='bbox 1097 563 1307 628; x_wconf 86' lang='lat' dir='ltr'><strong>imitationem</strong></span> <span class='ocrx_word' id='word_1_13' title='bbox 1331 567 1481 630; x_wconf 89' lang='lat' dir='ltr'><strong>essevin-</strong></span> 
     </span>
     <span class='ocr_line' id='line_1_4' title="bbox 251 662 1480 750; baseline 0.006 -25"><span class='ocrx_word' id='word_1_14' title='bbox 251 663 412 725; x_wconf 88' lang='lat' dir='ltr'><strong>dicandas.</strong></span> <span class='ocrx_word' id='word_1_15' title='bbox 458 663 652 745; x_wconf 84' lang='lat' dir='ltr'><strong>Ceteroquin</strong></span> <span class='ocrx_word' id='word_1_16' title='bbox 676 662 746 725; x_wconf 90' lang='lat' dir='ltr'><strong>luce</strong></span> <span class='ocrx_word' id='word_1_17' title='bbox 769 664 883 726; x_wconf 90' lang='lat' dir='ltr'><strong>clarius</strong></span> <span class='ocrx_word' id='word_1_18' title='bbox 906 675 963 738; x_wconf 91' lang='lat' dir='ltr'><strong>est,</strong></span> <span class='ocrx_word' id='word_1_19' title='bbox 986 667 1140 728; x_wconf 90' lang='lat' dir='ltr'><strong>sermonis</strong></span> <span class='ocrx_word' id='word_1_20' title='bbox 1164 667 1278 750; x_wconf 90' lang='lat' dir='ltr'><strong>poetici</strong></span> <span class='ocrx_word' id='word_1_21' title='bbox 1302 667 1480 732; x_wconf 89' lang='lat' dir='ltr'><strong>laudemac</strong></span> 
     </span>
     <span class='ocr_line' id='line_1_5' title="bbox 253 766 1476 854; baseline 0.006 -26"><span class='ocrx_word' id='word_1_22' title='bbox 253 766 443 849; x_wconf 88' lang='lat' dir='ltr'><strong>dignitatem</strong></span> <span class='ocrx_word' id='word_1_23' title='bbox 473 787 536 828; x_wconf 94' lang='lat' dir='ltr'><strong>nou</strong></span> <span class='ocrx_word' id='word_1_24' title='bbox 572 779 636 828; x_wconf 89' lang='lat' dir='ltr'><strong>tam</strong></span> <span class='ocrx_word' id='word_1_25' title='bbox 670 766 809 849; x_wconf 89' lang='lat' dir='ltr'><strong>pendere</strong></span> <span class='ocrx_word' id='word_1_26' title='bbox 842 788 880 827; x_wconf 87' lang='lat' dir='ltr'><strong>ex</strong></span> <span class='ocrx_word' id='word_1_27' title='bbox 914 783 1158 850; x_wconf 87' lang='lat' dir='ltr'><strong>praeceptorum</strong></span> <span class='ocrx_word' id='word_1_28' title='bbox 1191 771 1476 854; x_wconf 81' lang='lat' dir='ltr'><strong>grammaticorum</strong></span> 
     </span>
     <span class='ocr_line' id='line_1_6' title="bbox 253 867 1480 956; baseline 0.007 -26"><span class='ocrx_word' id='word_1_29' title='bbox 253 870 348 931; x_wconf 86' lang='lat' dir='ltr'><strong>anxia</strong></span> <span class='ocrx_word' id='word_1_30' title='bbox 370 869 591 930; x_wconf 86' lang='lat' dir='ltr'><strong>observatione</strong></span> <span class='ocrx_word' id='word_1_31' title='bbox 615 905 656 915; x_wconf 92' lang='lat'>—</span> <span class='ocrx_word' id='word_1_32' title='bbox 679 867 842 950; x_wconf 89' lang='lat' dir='ltr'><strong>quibusin</strong></span> <span class='ocrx_word' id='word_1_33' title='bbox 866 868 1055 932; x_wconf 79' lang='lat' dir='ltr'><strong>adhibendis</strong></span> <span class='ocrx_word' id='word_1_34' title='bbox 1080 893 1189 934; x_wconf 85' lang='lat' dir='ltr'><strong>onures</strong></span> <span class='ocrx_word' id='word_1_35' title='bbox 1212 885 1322 956; x_wconf 87' lang='lat' dir='ltr'><strong>poetas</strong></span> <span class='ocrx_word' id='word_1_36' title='bbox 1345 876 1480 939; x_wconf 88' lang='lat' dir='ltr'><strong>maiores</strong></span> 
     </span>
     <span class='ocr_line' id='line_1_7' title="bbox 253 968 1479 1059; baseline 0.008 -27"><span class='ocrx_word' id='word_1_37' title='bbox 253 972 430 1033; x_wconf 90' lang='lat' dir='ltr'><strong>minoresve</strong></span> <span class='ocrx_word' id='word_1_38' title='bbox 442 968 582 1032; x_wconf 84' lang='lat' dir='ltr'><strong>licentias</strong></span> <span class='ocrx_word' id='word_1_39' title='bbox 594 972 670 1034; x_wconf 87' lang='lat' dir='ltr'><strong>satis</strong></span> <span class='ocrx_word' id='word_1_40' title='bbox 693 970 1019 1054; x_wconf 87' lang='lat' dir='ltr'><strong>constatplerumque</strong></span> <span class='ocrx_word' id='word_1_41' title='bbox 1041 974 1099 1038; x_wconf 87' lang='lat' dir='ltr'><strong>sibi</strong></span> <span class='ocrx_word' id='word_1_42' title='bbox 1123 997 1285 1038; x_wconf 88' lang='lat' dir='ltr'><strong>assumere</strong></span> <span class='ocrx_word' id='word_1_43' title='bbox 1307 1013 1359 1052; x_wconf 88' lang='lat'><strong>-‚</strong></span> <span class='ocrx_word' id='word_1_44' title='bbox 1382 998 1479 1059; x_wconf 86' lang='lat' dir='ltr'><strong>quam</strong></span> 
     </span>
     <span class='ocr_line' id='line_1_8' title="bbox 254 1073 1480 1160; baseline 0.007 -25"><span class='ocrx_word' id='word_1_45' title='bbox 254 1097 290 1135; x_wconf 87' lang='lat' dir='ltr'><strong>ex</strong></span> <span class='ocrx_word' id='word_1_46' title='bbox 313 1073 514 1154; x_wconf 81' lang='lat' dir='ltr'><strong>sprerundam</strong></span> <span class='ocrx_word' id='word_1_47' title='bbox 538 1073 689 1135; x_wconf 79' lang='lat' dir='ltr'><strong>orationis</strong></span> <span class='ocrx_word' id='word_1_48' title='bbox 723 1085 1000 1151; x_wconf 80' lang='lat' dir='ltr'><strong>ornamentorum,</strong></span> <span class='ocrx_word' id='word_1_49' title='bbox 1033 1097 1170 1158; x_wconf 85' lang='lat' dir='ltr'><strong>quorum</strong></span> <span class='ocrx_word' id='word_1_50' title='bbox 1205 1078 1371 1160; x_wconf 82' lang='lat' dir='ltr'><strong>potissima</strong></span> <span class='ocrx_word' id='word_1_51' title='bbox 1404 1093 1480 1145; x_wconf 87' lang='lat' dir='ltr'><strong>sunt</strong></span> 
     </span>
     <span class='ocr_line' id='line_1_9' title="bbox 255 1175 1199 1260; baseline 0.01 -24"><span class='ocrx_word' id='word_1_52' title='bbox 255 1182 268 1236; x_wconf 87' lang='lat' dir='ltr'><strong>l</strong></span> <span class='ocrx_word' id='word_1_53' title='bbox 276 1176 284 1236; x_wconf 94' lang='lat' dir='ltr'><strong>i</strong></span> <span class='ocrx_word' id='word_1_54' title='bbox 294 1197 439 1253; x_wconf 85' lang='lat' dir='ltr'><strong>garae,</strong></span> <span class='ocrx_word' id='word_1_55' title='bbox 466 1175 591 1257; x_wconf 89' lang='lat' dir='ltr'><strong>tropi,</strong></span> <span class='ocrx_word' id='word_1_56' title='bbox 614 1176 824 1259; x_wconf 86' lang='lat' dir='ltr'><strong>epitheta,</strong></span> <span class='ocrx_word' id='word_1_57' title='bbox 849 1199 908 1239; x_wconf 87' lang='lat' dir='ltr'><strong>usu</strong></span> <span class='ocrx_word' id='word_1_58' title='bbox 933 1177 1199 1260; x_wconf 85' lang='lat' dir='ltr'><strong>ingeniosissimo.</strong></span> 
     </span>
    </p>

    <p class='ocr_par' dir='ltr' id='par_1_3' title="bbox 254 1277 1481 1664">
     <span class='ocr_line' id='line_1_10' title="bbox 337 1277 1479 1360; baseline 0.007 -20"><span class='ocrx_word' id='word_1_59' title='bbox 337 1284 447 1358; x_wconf 84' lang='lat' dir='ltr'><strong>Atque</strong></span> <span class='ocrx_word' id='word_1_60' title='bbox 471 1277 520 1339; x_wconf 89' lang='lat' dir='ltr'><strong>his</strong></span> <span class='ocrx_word' id='word_1_61' title='bbox 542 1277 731 1341; x_wconf 78' lang='lat' dir='ltr'><strong>elocutionis</strong></span> <span class='ocrx_word' id='word_1_62' title='bbox 754 1277 895 1360; x_wconf 77' lang='lat' dir='ltr'><strong>poeticae</strong></span> <span class='ocrx_word' id='word_1_63' title='bbox 929 1279 1107 1344; x_wconf 82' lang='lat' dir='ltr'><strong>luminibus</strong></span> <span class='ocrx_word' id='word_1_64' title='bbox 1141 1302 1267 1345; x_wconf 88' lang='lat' dir='ltr'><strong>carmen</strong></span> <span class='ocrx_word' id='word_1_65' title='bbox 1302 1305 1397 1346; x_wconf 90' lang='lat' dir='ltr'><strong>suum</strong></span> <span class='ocrx_word' id='word_1_66' title='bbox 1431 1285 1479 1348; x_wconf 92' lang='lat' dir='ltr'><strong>di·</strong></span> 
     </span>
     <span class='ocr_line' id='line_1_11' title="bbox 254 1379 1481 1468; baseline 0.009 -28"><span class='ocrx_word' id='word_1_67' title='bbox 254 1380 421 1462; x_wconf 84' lang='lat' dir='ltr'><strong>stinguens</strong></span> <span class='ocrx_word' id='word_1_68' title='bbox 444 1379 623 1445; x_wconf 76' lang='lat' dir='ltr'><strong>Columella</strong></span> <span class='ocrx_word' id='word_1_69' title='bbox 656 1381 840 1463; x_wconf 87' lang='lat' dir='ltr'><strong>saepissime</strong></span> <span class='ocrx_word' id='word_1_70' title='bbox 866 1380 1000 1464; x_wconf 79' lang='lat' dir='ltr'><strong>Vergilii</strong></span> <span class='ocrx_word' id='word_1_71' title='bbox 1036 1384 1152 1465; x_wconf 89' lang='lat' dir='ltr'><strong>premit</strong></span> <span class='ocrx_word' id='word_1_72' title='bbox 1176 1385 1327 1468; x_wconf 87' lang='lat' dir='ltr'><strong>vestigia,</strong></span> <span class='ocrx_word' id='word_1_73' title='bbox 1365 1386 1410 1449; x_wconf 86' lang='lat' dir='ltr'><strong>ita</strong></span> <span class='ocrx_word' id='word_1_74' title='bbox 1444 1399 1481 1451; x_wconf 87' lang='lat' dir='ltr'><strong>ut</strong></span> 
     </span>
     <span class='ocr_line' id='line_1_12' title="bbox 254 1481 1480 1567; baseline 0.008 -25"><span class='ocrx_word' id='word_1_75' title='bbox 254 1481 301 1542; x_wconf 90' lang='lat' dir='ltr'><strong>his</strong></span> <span class='ocrx_word' id='word_1_76' title='bbox 323 1481 356 1542; x_wconf 93' lang='lat' dir='ltr'><strong>in</strong></span> <span class='ocrx_word' id='word_1_77' title='bbox 381 1481 473 1545; x_wconf 91' lang='lat' dir='ltr'><strong>rebus</strong></span> <span class='ocrx_word' id='word_1_78' title='bbox 496 1483 707 1545; x_wconf 88' lang='lat' dir='ltr'><strong>imitationem</strong></span> <span class='ocrx_word' id='word_1_79' title='bbox 732 1488 922 1565; x_wconf 90' lang='lat' dir='ltr'><strong>plerumque</strong></span> <span class='ocrx_word' id='word_1_80' title='bbox 957 1485 996 1546; x_wconf 90' lang='lat' dir='ltr'><strong>ud</strong></span> <span class='ocrx_word' id='word_1_81' title='bbox 1032 1484 1191 1567; x_wconf 90' lang='lat' dir='ltr'><strong>liquidum</strong></span> <span class='ocrx_word' id='word_1_82' title='bbox 1217 1486 1393 1551; x_wconf 86' lang='lat' dir='ltr'><strong>habeamus</strong></span> <span class='ocrx_word' id='word_1_83' title='bbox 1426 1511 1480 1552; x_wconf 83' lang='lat' dir='ltr'><strong>ex·</strong></span> 
     </span>
     <span class='ocr_line' id='line_1_13' title="bbox 255 1587 413 1664; baseline 0.038 -22"><span class='ocrx_word' id='word_1_84' title='bbox 255 1587 413 1664; x_wconf 72' lang='lat' dir='ltr'><strong>plorabam.</strong></span> 
     </span>
    </p>

    <p class='ocr_par' dir='ltr' id='par_1_4' title="bbox 251 1685 1480 2587">
     <span class='ocr_line' id='line_1_14' title="bbox 338 1685 1480 1774; baseline 0.009 -28"><span class='ocrx_word' id='word_1_85' title='bbox 338 1685 389 1747; x_wconf 84' lang='lat' dir='ltr'><strong>Ad</strong></span> <span class='ocrx_word' id='word_1_86' title='bbox 414 1700 515 1750; x_wconf 77' lang='lat' dir='ltr'><strong>certas</strong></span> <span class='ocrx_word' id='word_1_87' title='bbox 538 1688 674 1749; x_wconf 89' lang='lat' dir='ltr'><strong>rationes</strong></span> <span class='ocrx_word' id='word_1_88' title='bbox 699 1707 785 1749; x_wconf 77' lang='lat' dir='ltr'><strong>nitrio</strong></span> <span class='ocrx_word' id='word_1_89' title='bbox 810 1700 1016 1750; x_wconf 87' lang='lat' dir='ltr'><strong>revocaturus</strong></span> <span class='ocrx_word' id='word_1_90' title='bbox 1050 1688 1295 1766; x_wconf 55' lang='lat' dir='ltr'><strong>similitudinem</strong></span> <span class='ocrx_word' id='word_1_91' title='bbox 1332 1713 1414 1774; x_wconf 88' lang='lat' dir='ltr'><strong>quae</strong></span> <span class='ocrx_word' id='word_1_92' title='bbox 1447 1693 1480 1756; x_wconf 89' lang='lat' dir='ltr'><strong>in</strong></span> 
     </span>
     <span class='ocr_line' id='line_1_15' title="bbox 254 1787 1479 1874; baseline 0.009 -27"><span class='ocrx_word' id='word_1_93' title='bbox 254 1808 312 1848; x_wconf 88' lang='lat' dir='ltr'><strong>usu</strong></span> <span class='ocrx_word' id='word_1_94' title='bbox 334 1787 521 1869; x_wconf 85' lang='lat' dir='ltr'><strong>figurarum,</strong></span> <span class='ocrx_word' id='word_1_95' title='bbox 545 1802 720 1871; x_wconf 82' lang='lat' dir='ltr'><strong>troporum,</strong></span> <span class='ocrx_word' id='word_1_96' title='bbox 743 1788 958 1870; x_wconf 85' lang='lat' dir='ltr'><strong>epithetorum</strong></span> <span class='ocrx_word' id='word_1_97' title='bbox 974 1791 1055 1854; x_wconf 89' lang='lat' dir='ltr'><strong>iuter</strong></span> <span class='ocrx_word' id='word_1_98' title='bbox 1068 1790 1203 1874; x_wconf 85' lang='lat' dir='ltr'><strong>Vergilii</strong></span> <span class='ocrx_word' id='word_1_99' title='bbox 1228 1800 1260 1854; x_wconf 80' lang='lat' dir='ltr'><strong>et,</strong></span> <span class='ocrx_word' id='word_1_100' title='bbox 1282 1793 1479 1860; x_wconf 83' lang='lat' dir='ltr'><strong>Columellae</strong></span> 
     </span>
     <span class='ocr_line' id='line_1_16' title="bbox 254 1887 1478 1978; baseline 0.009 -30"><span class='ocrx_word' id='word_1_101' title='bbox 254 1887 462 1952; x_wconf 87' lang='lat' dir='ltr'><strong>elocutionem</strong></span> <span class='ocrx_word' id='word_1_102' title='bbox 489 1892 566 1953; x_wconf 92' lang='lat' dir='ltr'><strong>mibi</strong></span> <span class='ocrx_word' id='word_1_103' title='bbox 591 1891 741 1953; x_wconf 89' lang='lat' dir='ltr'><strong>videntur</strong></span> <span class='ocrx_word' id='word_1_104' title='bbox 764 1890 970 1966; x_wconf 82' lang='lat' dir='ltr'><strong>intercedere,</strong></span> <span class='ocrx_word' id='word_1_105' title='bbox 992 1892 1228 1956; x_wconf 89' lang='lat' dir='ltr'><strong>observationes</strong></span> <span class='ocrx_word' id='word_1_106' title='bbox 1240 1916 1327 1959; x_wconf 89' lang='lat' dir='ltr'><strong>nunc</strong></span> <span class='ocrx_word' id='word_1_107' title='bbox 1349 1897 1478 1978; x_wconf 89' lang='lat' dir='ltr'><strong>quidem</strong></span> 
     </span>
     <span class='ocr_line' id='line_1_17' title="bbox 253 1993 1479 2078; baseline 0.007 -27"><span class='ocrx_word' id='word_1_108' title='bbox 253 1995 409 2071; x_wconf 82' lang='lat' dir='ltr'><strong>proferam</strong></span> <span class='ocrx_word' id='word_1_109' title='bbox 433 1993 472 2054; x_wconf 88' lang='lat' dir='ltr'><strong>ad</strong></span> <span class='ocrx_word' id='word_1_110' title='bbox 485 2016 549 2056; x_wconf 90' lang='lat' dir='ltr'><strong>rem</strong></span> <span class='ocrx_word' id='word_1_111' title='bbox 563 1993 746 2056; x_wconf 91' lang='lat' dir='ltr'><strong>universam</strong></span> <span class='ocrx_word' id='word_1_112' title='bbox 767 2001 893 2055; x_wconf 88' lang='lat' dir='ltr'><strong>tantum</strong></span> <span class='ocrx_word' id='word_1_113' title='bbox 917 2003 1097 2076; x_wconf 79' lang='lat' dir='ltr'><strong>spectantes</strong></span> <span class='ocrx_word' id='word_1_114' title='bbox 1111 1994 1312 2078; x_wconf 79' lang='lat' dir='ltr'><strong>singulorum</strong></span> <span class='ocrx_word' id='word_1_115' title='bbox 1336 1997 1479 2062; x_wconf 89' lang='lat' dir='ltr'><strong>locorum</strong></span> 
     </span>
     <span class='ocr_line' id='line_1_18' title="bbox 252 2092 1479 2180; baseline 0.008 -27"><span class='ocrx_word' id='word_1_116' title='bbox 252 2105 432 2156; x_wconf 88' lang='lat' dir='ltr'><strong>accuratam</strong></span> <span class='ocrx_word' id='word_1_117' title='bbox 457 2095 738 2158; x_wconf 76' lang='lat' dir='ltr'><strong>considerationem</strong></span> <span class='ocrx_word' id='word_1_118' title='bbox 761 2092 892 2156; x_wconf 86' lang='lat' dir='ltr'><strong>ultimae</strong></span> <span class='ocrx_word' id='word_1_119' title='bbox 915 2097 1062 2178; x_wconf 86' lang='lat' dir='ltr'><strong>opusculi</strong></span> <span class='ocrx_word' id='word_1_120' title='bbox 1086 2100 1146 2159; x_wconf 90' lang='lat' dir='ltr'><strong>mei</strong></span> <span class='ocrx_word' id='word_1_121' title='bbox 1180 2099 1263 2180; x_wconf 91' lang='lat' dir='ltr'><strong>parti</strong></span> <span class='ocrx_word' id='word_1_122' title='bbox 1298 2120 1479 2177; x_wconf 84' lang='lat' dir='ltr'><strong>reservans3</strong></span> 
     </span>
     <span class='ocr_line' id='line_1_19' title="bbox 253 2199 1480 2281; baseline 0.009 -27"><span class='ocrx_word' id='word_1_123' title='bbox 253 2204 392 2259; x_wconf 80' lang='lat' dir='ltr'><strong>ceterum</strong></span> <span class='ocrx_word' id='word_1_124' title='bbox 418 2217 503 2259; x_wconf 91' lang='lat' dir='ltr'><strong>nunc</strong></span> <span class='ocrx_word' id='word_1_125' title='bbox 527 2217 563 2258; x_wconf 88' lang='lat' dir='ltr'><strong>ea</strong></span> <span class='ocrx_word' id='word_1_126' title='bbox 587 2208 713 2260; x_wconf 89' lang='lat' dir='ltr'><strong>tantum</strong></span> <span class='ocrx_word' id='word_1_127' title='bbox 737 2200 881 2277; x_wconf 89' lang='lat' dir='ltr'><strong>exempla</strong></span> <span class='ocrx_word' id='word_1_128' title='bbox 904 2217 944 2258; x_wconf 88' lang='lat' dir='ltr'><strong>ex</strong></span> <span class='ocrx_word' id='word_1_129' title='bbox 973 2199 1112 2261; x_wconf 87' lang='lat' dir='ltr'><strong>carmine</strong></span> <span class='ocrx_word' id='word_1_130' title='bbox 1146 2212 1251 2281; x_wconf 88' lang='lat' dir='ltr'><strong>petam</strong></span> <span class='ocrx_word' id='word_1_131' title='bbox 1276 2200 1480 2279; x_wconf 80' lang='lat' dir='ltr'><strong>Columellas,</strong></span> 
     </span>
     <span class='ocr_line' id='line_1_20' title="bbox 251 2297 1479 2384; baseline 0.008 -28"><span class='ocrx_word' id='word_1_132' title='bbox 251 2315 430 2376; x_wconf 89' lang='lat' dir='ltr'><strong>quaecum</strong></span> <span class='ocrx_word' id='word_1_133' title='bbox 456 2298 592 2362; x_wconf 88' lang='lat' dir='ltr'><strong>habeant</strong></span> <span class='ocrx_word' id='word_1_134' title='bbox 616 2300 804 2382; x_wconf 87' lang='lat' dir='ltr'><strong>dignitatem</strong></span> <span class='ocrx_word' id='word_1_135' title='bbox 829 2297 968 2379; x_wconf 87' lang='lat' dir='ltr'><strong>aliquam</strong></span> <span class='ocrx_word' id='word_1_136' title='bbox 993 2306 1042 2363; x_wconf 92' lang='lat' dir='ltr'><strong>vel</strong></span> <span class='ocrx_word' id='word_1_137' title='bbox 1064 2300 1315 2383; x_wconf 84' lang='lat' dir='ltr'><strong>singularitatem</strong></span> <span class='ocrx_word' id='word_1_138' title='bbox 1349 2303 1479 2384; x_wconf 86' lang='lat' dir='ltr'><strong>imagini</strong></span> 
     </span>
     <span class='ocr_line' id='line_1_21' title="bbox 253 2399 1477 2487; baseline 0.007 -28"><span class='ocrx_word' id='word_1_139' title='bbox 253 2399 367 2480; x_wconf 83' lang='lat' dir='ltr'><strong>poetici</strong></span> <span class='ocrx_word' id='word_1_140' title='bbox 393 2401 489 2464; x_wconf 92' lang='lat' dir='ltr'><strong>huius</strong></span> <span class='ocrx_word' id='word_1_141' title='bbox 512 2401 674 2485; x_wconf 83' lang='lat' dir='ltr'><strong>scriptoris</strong></span> <span class='ocrx_word' id='word_1_142' title='bbox 692 2399 847 2463; x_wconf 88' lang='lat' dir='ltr'><strong>sermonis</strong></span> <span class='ocrx_word' id='word_1_143' title='bbox 862 2400 937 2462; x_wconf 92' lang='lat' dir='ltr'><strong>mihi</strong></span> <span class='ocrx_word' id='word_1_144' title='bbox 961 2403 1300 2486; x_wconf 83' lang='lat' dir='ltr'><strong>exprimendaclineas</strong></span> <span class='ocrx_word' id='word_1_145' title='bbox 1322 2405 1477 2487; x_wconf 85' lang='lat' dir='ltr'><strong>quasdam</strong></span> 
     </span>
     <span class='ocr_line' id='line_1_22' title="bbox 251 2501 783 2587; baseline 0.011 -25"><span class='ocrx_word' id='word_1_146' title='bbox 251 2501 426 2582; x_wconf 81' lang='lat' dir='ltr'><strong>peculiares</strong></span> <span class='ocrx_word' id='word_1_147' title='bbox 444 2516 594 2587; x_wconf 88' lang='lat' dir='ltr'><strong>poterunt</strong></span> <span class='ocrx_word' id='word_1_148' title='bbox 618 2512 783 2587; x_wconf 85' lang='lat' dir='ltr'><strong>praestare.</strong></span> 
     </span>
    </p>

    <p class='ocr_par' dir='ltr' id='par_1_5' title="bbox 252 2605 1481 2886">
     <span class='ocr_line' id='line_1_23' title="bbox 337 2605 1481 2690; baseline 0.008 -25"><span class='ocrx_word' id='word_1_149' title='bbox 337 2605 387 2667; x_wconf 91' lang='lat' dir='ltr'><strong>Ac</strong></span> <span class='ocrx_word' id='word_1_150' title='bbox 411 2606 550 2687; x_wconf 91' lang='lat' dir='ltr'><strong>primum</strong></span> <span class='ocrx_word' id='word_1_151' title='bbox 575 2606 812 2670; x_wconf 79' lang='lat' dir='ltr'><strong>consideremus</strong></span> <span class='ocrx_word' id='word_1_152' title='bbox 847 2629 885 2668; x_wconf 84' lang='lat' dir='ltr'><strong>ex</strong></span> <span class='ocrx_word' id='word_1_153' title='bbox 909 2606 1022 2690; x_wconf 88' lang='lat' dir='ltr'><strong>figuris</strong></span> <span class='ocrx_word' id='word_1_154' title='bbox 1056 2608 1310 2690; x_wconf 85' lang='lat' dir='ltr'><strong>anaphoram</strong></span> <span class='ocrx_word' id='word_1_155' title='bbox 1341 2632 1360 2671; x_wconf 90' lang='lat' dir='ltr'><strong>a</strong></span> <span class='ocrx_word' id='word_1_156' title='bbox 1383 2609 1481 2674; x_wconf 82' lang='lat' dir='ltr'><strong>Colu-</strong></span> 
     </span>
     <span class='ocr_line' id='line_1_24' title="bbox 254 2705 1480 2795; baseline 0.01 -31"><span class='ocrx_word' id='word_1_157' title='bbox 254 2705 345 2768; x_wconf 85' lang='lat' dir='ltr'><strong>mella</strong></span> <span class='ocrx_word' id='word_1_158' title='bbox 367 2705 549 2773; x_wconf 82' lang='lat' dir='ltr'><strong>adbibitam,</strong></span> <span class='ocrx_word' id='word_1_159' title='bbox 593 2708 704 2788; x_wconf 83' lang='lat' dir='ltr'><strong>Atque</strong></span> <span class='ocrx_word' id='word_1_160' title='bbox 727 2709 907 2791; x_wconf 83' lang='lat' dir='ltr'><strong>anaphoras</strong></span> <span class='ocrx_word' id='word_1_161' title='bbox 932 2710 1098 2792; x_wconf 88' lang='lat' dir='ltr'><strong>potissima</strong></span> <span class='ocrx_word' id='word_1_162' title='bbox 1110 2715 1256 2793; x_wconf 87' lang='lat' dir='ltr'><strong>exempla</strong></span> <span class='ocrx_word' id='word_1_163' title='bbox 1278 2732 1370 2792; x_wconf 86' lang='lat' dir='ltr'><strong>quae,</strong></span> <span class='ocrx_word' id='word_1_164' title='bbox 1392 2713 1480 2795; x_wconf 89' lang='lat' dir='ltr'><strong>apud</strong></span> 
     </span>
     <span class='ocr_line' id='line_1_25' title="bbox 252 2809 681 2886; baseline 0.019 -19"><span class='ocrx_word' id='word_1_165' title='bbox 252 2828 324 2868; x_wconf 89' lang='lat' dir='ltr'><strong>euro</strong></span> <span class='ocrx_word' id='word_1_166' title='bbox 349 2809 466 2886; x_wconf 88' lang='lat' dir='ltr'><strong>inveni,</strong></span> <span class='ocrx_word' id='word_1_167' title='bbox 490 2817 565 2873; x_wconf 82' lang='lat' dir='ltr'><strong>sunl</strong></span> <span class='ocrx_word' id='word_1_168' title='bbox 587 2815 681 2876; x_wconf 91' lang='lat' dir='ltr'><strong>haec:</strong></span> 
     </span>
    </p>

    <p class='ocr_par' dir='ltr' id='par_1_6' title="bbox 250 2912 1485 4222">
     <span class='ocr_line' id='line_1_26' title="bbox 338 2912 1480 2996; baseline 0.004 -24"><span class='ocrx_word' id='word_1_169' title='bbox 338 2933 365 2972; x_wconf 93' lang='lat' dir='ltr'><strong>v.</strong></span> <span class='ocrx_word' id='word_1_170' title='bbox 390 2914 532 2976; x_wconf 76' lang='lat' dir='ltr'><strong>tto-38:</strong></span> <span class='ocrx_word' id='word_1_171' title='bbox 556 2935 638 2994; x_wconf 74' lang='lat' dir='ltr'><strong>(quae</strong></span> <span class='ocrx_word' id='word_1_172' title='bbox 650 2934 726 2975; x_wconf 89' lang='lat' dir='ltr'><strong>cora</strong></span> <span class='ocrx_word' id='word_1_173' title='bbox 738 2914 825 2989; x_wconf 87' lang='lat' dir='ltr'><strong>satis,</strong></span> <span class='ocrx_word' id='word_1_174' title='bbox 847 2935 911 2995; x_wconf 88' lang='lat' dir='ltr'><strong>quo</strong></span> <span class='ocrx_word' id='word_1_175' title='bbox 924 2912 1026 2976; x_wconf 85' lang='lat' dir='ltr'><strong>sidere</strong></span> <span class='ocrx_word' id='word_1_176' title='bbox 1042 2914 1183 2996; x_wconf 90' lang='lat' dir='ltr'><strong>primum</strong></span> <span class='ocrx_word' id='word_1_177' title='bbox 1206 2942 1260 2989; x_wconf 74' lang='lat'><strong>‹-,</strong></span> <span class='ocrx_word' id='word_1_178' title='bbox 1283 2933 1347 2994; x_wconf 92' lang='lat' dir='ltr'><strong>que</strong></span> <span class='ocrx_word' id='word_1_179' title='bbox 1360 2913 1480 2978; x_wconf 91' lang='lat' dir='ltr'><strong>Bacchi</strong></span> 
     </span>
     <span class='ocr_line' id='line_1_27' title="bbox 252 3013 1482 3094; baseline 0.007 -21"><span class='ocrx_word' id='word_1_180' title='bbox 252 3033 362 3094; x_wconf 83' lang='lat' dir='ltr'><strong>genus.</strong></span> <span class='ocrx_word' id='word_1_181' title='bbox 408 3013 482 3078; x_wconf 85' lang='lat' dir='ltr'><strong>Sine</strong></span> <span class='ocrx_word' id='word_1_182' title='bbox 516 3015 612 3078; x_wconf 93' lang='lat' dir='ltr'><strong>dubio</strong></span> <span class='ocrx_word' id='word_1_183' title='bbox 646 3015 874 3078; x_wconf 82' lang='lat' dir='ltr'><strong>obversabatur</strong></span> <span class='ocrx_word' id='word_1_184' title='bbox 907 3015 1015 3078; x_wconf 91' lang='lat' dir='ltr'><strong>animo</strong></span> <span class='ocrx_word' id='word_1_185' title='bbox 1049 3014 1246 3079; x_wconf 79' lang='lat' dir='ltr'><strong>Columellas</strong></span> <span class='ocrx_word' id='word_1_186' title='bbox 1290 3037 1363 3078; x_wconf 91' lang='lat' dir='ltr'><strong>cum</strong></span> <span class='ocrx_word' id='word_1_187' title='bbox 1407 3021 1482 3080; x_wconf 86' lang='lat' dir='ltr'><strong>haec</strong></span> 
     </span>
     <span class='ocr_line' id='line_1_28' title="bbox 252 3114 1483 3201; baseline 0.007 -27"><span class='ocrx_word' id='word_1_188' title='bbox 252 3114 401 3179; x_wconf 82' lang='lat' dir='ltr'><strong>scriberet</strong></span> <span class='ocrx_word' id='word_1_189' title='bbox 424 3117 517 3199; x_wconf 88' lang='lat' dir='ltr'><strong>primi</strong></span> <span class='ocrx_word' id='word_1_190' title='bbox 542 3115 772 3196; x_wconf 81' lang='lat' dir='ltr'><strong>Georgicorum</strong></span> <span class='ocrx_word' id='word_1_191' title='bbox 795 3117 865 3180; x_wconf 88' lang='lat' dir='ltr'><strong>libri</strong></span> <span class='ocrx_word' id='word_1_192' title='bbox 901 3118 1043 3195; x_wconf 86' lang='lat' dir='ltr'><strong>initium,</strong></span> <span class='ocrx_word' id='word_1_193' title='bbox 1077 3119 1110 3180; x_wconf 94' lang='lat' dir='ltr'><strong>in</strong></span> <span class='ocrx_word' id='word_1_194' title='bbox 1144 3139 1209 3200; x_wconf 93' lang='lat' dir='ltr'><strong>quo</strong></span> <span class='ocrx_word' id='word_1_195' title='bbox 1241 3122 1321 3181; x_wconf 90' lang='lat' dir='ltr'><strong>hauc</strong></span> <span class='ocrx_word' id='word_1_196' title='bbox 1345 3117 1483 3201; x_wconf 85' lang='lat' dir='ltr'><strong>legimus</strong></span> 
     </span>
     <span class='ocr_line' id='line_1_29' title="bbox 252 3219 1482 3302; baseline 0.003 -24"><span class='ocrx_word' id='word_1_197' title='bbox 252 3222 457 3300; x_wconf 88' lang='lat' dir='ltr'><strong>anaphoram:</strong></span> <span class='ocrx_word' id='word_1_198' title='bbox 479 3241 545 3300; x_wconf 93' lang='lat' dir='ltr'><strong>quo</strong></span> <span class='ocrx_word' id='word_1_199' title='bbox 567 3220 670 3283; x_wconf 89' lang='lat' dir='ltr'><strong>sidere</strong></span> <span class='ocrx_word' id='word_1_200' title='bbox 693 3231 810 3282; x_wconf 90' lang='lat' dir='ltr'><strong>terram</strong></span> <span class='ocrx_word' id='word_1_201' title='bbox 834 3258 885 3295; x_wconf 88' lang='lat'><strong>-‚</strong></span> <span class='ocrx_word' id='word_1_202' title='bbox 907 3241 990 3302; x_wconf 87' lang='lat' dir='ltr'><strong>quae</strong></span> <span class='ocrx_word' id='word_1_203' title='bbox 1012 3219 1211 3296; x_wconf 91' lang='lat' dir='ltr'><strong>curaboum‚</strong></span> <span class='ocrx_word' id='word_1_204' title='bbox 1233 3220 1290 3301; x_wconf 92' lang='lat' dir='ltr'><strong>qui</strong></span> <span class='ocrx_word' id='word_1_205' title='bbox 1313 3224 1482 3296; x_wconf 85' lang='lat' dir='ltr'><strong>cultus-‚</strong></span> 
     </span>
     <span class='ocr_line' id='line_1_30' title="bbox 252 3319 1481 3405; baseline 0.003 -24"><span class='ocrx_word' id='word_1_206' title='bbox 252 3319 367 3402; x_wconf 88' lang='lat' dir='ltr'><strong>apibus</strong></span> <span class='ocrx_word' id='word_1_207' title='bbox 390 3328 512 3403; x_wconf 71' lang='lat' dir='ltr'><strong>(quanta</strong></span> <span class='ocrx_word' id='word_1_208' title='bbox 534 3322 738 3404; x_wconf 78' lang='lat' dir='ltr'><strong>experientia.</strong></span> <span class='ocrx_word' id='word_1_209' title='bbox 783 3321 927 3386; x_wconf 87' lang='lat' dir='ltr'><strong>Similem</strong></span> <span class='ocrx_word' id='word_1_210' title='bbox 952 3322 1151 3405; x_wconf 89' lang='lat' dir='ltr'><strong>pronominis</strong></span> <span class='ocrx_word' id='word_1_211' title='bbox 1185 3321 1307 3385; x_wconf 81' lang='lat' dir='ltr'><strong>relativi</strong></span> <span class='ocrx_word' id='word_1_212' title='bbox 1342 3323 1481 3405; x_wconf 91' lang='lat' dir='ltr'><strong>anapho-</strong></span> 
     </span>
     <span class='ocr_line' id='line_1_31' title="bbox 252 3423 1483 3506; baseline 0.006 -25"><span class='ocrx_word' id='word_1_213' title='bbox 252 3445 318 3484; x_wconf 87' lang='lat' dir='ltr'><strong>ram</strong></span> <span class='ocrx_word' id='word_1_214' title='bbox 341 3423 526 3486; x_wconf 89' lang='lat' dir='ltr'><strong>invenimus</strong></span> <span class='ocrx_word' id='word_1_215' title='bbox 547 3424 634 3506; x_wconf 91' lang='lat' dir='ltr'><strong>apud</strong></span> <span class='ocrx_word' id='word_1_216' title='bbox 659 3423 728 3490; x_wconf 83' lang='lat' dir='ltr'><strong>Col.</strong></span> <span class='ocrx_word' id='word_1_217' title='bbox 761 3447 790 3487; x_wconf 93' lang='lat' dir='ltr'><strong>v.</strong></span> <span class='ocrx_word' id='word_1_218' title='bbox 814 3425 979 3491; x_wconf 76' lang='lat'>265-58:</span> <span class='ocrx_word' id='word_1_219' title='bbox 1013 3445 1096 3506; x_wconf 88' lang='lat' dir='ltr'><strong>quae</strong></span> <span class='ocrx_word' id='word_1_220' title='bbox 1130 3423 1233 3488; x_wconf 91' lang='lat' dir='ltr'><strong>colitis</strong></span> <span class='ocrx_word' id='word_1_221' title='bbox 1266 3445 1378 3488; x_wconf 88' lang='lat' dir='ltr'><strong>nemus</strong></span> <span class='ocrx_word' id='word_1_222' title='bbox 1402 3425 1483 3488; x_wconf 88' lang='lat' dir='ltr'><strong>Am·</strong></span> 
     </span>
     <span class='ocr_line' id='line_1_32' title="bbox 252 3524 1483 3610; baseline 0.003 -24"><span class='ocrx_word' id='word_1_223' title='bbox 252 3525 380 3608; x_wconf 85' lang='lat' dir='ltr'><strong>phrysi,</strong></span> <span class='ocrx_word' id='word_1_224' title='bbox 413 3547 495 3607; x_wconf 86' lang='lat' dir='ltr'><strong>quae</strong></span> <span class='ocrx_word' id='word_1_225' title='bbox 519 3525 666 3588; x_wconf 87' lang='lat' dir='ltr'><strong>Thessala</strong></span> <span class='ocrx_word' id='word_1_226' title='bbox 688 3524 823 3610; x_wconf 87' lang='lat' dir='ltr'><strong>Tempe,</strong></span> <span class='ocrx_word' id='word_1_227' title='bbox 856 3548 938 3608; x_wconf 89' lang='lat' dir='ltr'><strong>quae</strong></span> <span class='ocrx_word' id='word_1_228' title='bbox 969 3527 1046 3608; x_wconf 81' lang='lat' dir='ltr'><strong>iuga</strong></span> <span class='ocrx_word' id='word_1_229' title='bbox 1070 3525 1236 3608; x_wconf 80' lang='lat' dir='ltr'><strong>Cyllenes,</strong></span> <span class='ocrx_word' id='word_1_230' title='bbox 1271 3562 1313 3572; x_wconf 89' lang='lat'>-</span> <span class='ocrx_word' id='word_1_231' title='bbox 1346 3537 1483 3608; x_wconf 83' lang='lat' dir='ltr'><strong>atquae</strong></span> 
     </span>
     <span class='ocr_line' id='line_1_33' title="bbox 254 3625 1483 3710; baseline 0.001 -22"><span class='ocrx_word' id='word_1_232' title='bbox 254 3625 372 3690; x_wconf 89' lang='lat' dir='ltr'><strong>Sicanii</strong></span> <span class='ocrx_word' id='word_1_233' title='bbox 396 3627 488 3690; x_wconf 87' lang='lat' dir='ltr'><strong>flores</strong></span> <span class='ocrx_word' id='word_1_234' title='bbox 510 3627 638 3706; x_wconf 86' lang='lat' dir='ltr'><strong>legistis.</strong></span> <span class='ocrx_word' id='word_1_235' title='bbox 685 3629 851 3692; x_wconf 88' lang='lat' dir='ltr'><strong>Praeterea</strong></span> <span class='ocrx_word' id='word_1_236' title='bbox 875 3626 1021 3691; x_wconf 89' lang='lat' dir='ltr'><strong>vocabuli</strong></span> <span class='ocrx_word' id='word_1_237' title='bbox 1046 3634 1172 3703; x_wconf 89' lang='lat' dir='ltr'><strong>„nnnc“</strong></span> <span class='ocrx_word' id='word_1_238' title='bbox 1195 3627 1357 3710; x_wconf 87' lang='lat' dir='ltr'><strong>anaphora</strong></span> <span class='ocrx_word' id='word_1_239' title='bbox 1379 3627 1483 3694; x_wconf 85' lang='lat' dir='ltr'><strong>utitur</strong></span> 
     </span>
     <span class='ocr_line' id='line_1_34' title="bbox 254 3727 1482 3810; baseline 0.002 -19"><span class='ocrx_word' id='word_1_240' title='bbox 254 3727 431 3793; x_wconf 84' lang='lat' dir='ltr'><strong>Columella</strong></span> <span class='ocrx_word' id='word_1_241' title='bbox 454 3754 481 3794; x_wconf 88' lang='lat' dir='ltr'><strong>v.</strong></span> <span class='ocrx_word' id='word_1_242' title='bbox 507 3731 673 3795; x_wconf 73' lang='lat' dir='ltr'><strong>tos-169</strong></span> <span class='ocrx_word' id='word_1_243' title='bbox 698 3738 730 3792; x_wconf 84' lang='lat' dir='ltr'><strong>et</strong></span> <span class='ocrx_word' id='word_1_244' title='bbox 754 3753 781 3795; x_wconf 93' lang='lat' dir='ltr'><strong>v.</strong></span> <span class='ocrx_word' id='word_1_245' title='bbox 793 3731 950 3805; x_wconf 72' lang='lat' dir='ltr'><strong>ase-40,</strong></span> <span class='ocrx_word' id='word_1_246' title='bbox 974 3728 1093 3810; x_wconf 91' lang='lat' dir='ltr'><strong>quibus</strong></span> <span class='ocrx_word' id='word_1_247' title='bbox 1116 3728 1149 3790; x_wconf 92' lang='lat' dir='ltr'><strong>in</strong></span> <span class='ocrx_word' id='word_1_248' title='bbox 1172 3729 1249 3792; x_wconf 91' lang='lat' dir='ltr'><strong>locis</strong></span> <span class='ocrx_word' id='word_1_249' title='bbox 1272 3730 1326 3792; x_wconf 89' lang='lat' dir='ltr'><strong>illa</strong></span> <span class='ocrx_word' id='word_1_250' title='bbox 1348 3751 1411 3792; x_wconf 88' lang='lat' dir='ltr'><strong>vox</strong></span> <span class='ocrx_word' id='word_1_251' title='bbox 1424 3740 1482 3807; x_wconf 87' lang='lat' dir='ltr'><strong>ter,</strong></span> 
     </span>
     <span class='ocr_line' id='line_1_35' title="bbox 252 3830 1484 3916; baseline 0.003 -24"><span class='ocrx_word' id='word_1_252' title='bbox 252 3841 284 3893; x_wconf 92' lang='lat' dir='ltr'><strong>et</strong></span> <span class='ocrx_word' id='word_1_253' title='bbox 306 3854 334 3894; x_wconf 93' lang='lat' dir='ltr'><strong>v.</strong></span> <span class='ocrx_word' id='word_1_254' title='bbox 362 3833 546 3908; x_wconf 78' lang='lat' dir='ltr'><strong>leo—200,</strong></span> <span class='ocrx_word' id='word_1_255' title='bbox 581 3831 637 3895; x_wconf 92' lang='lat' dir='ltr'><strong>ubi</strong></span> <span class='ocrx_word' id='word_1_256' title='bbox 671 3831 844 3913; x_wconf 91' lang='lat' dir='ltr'><strong>quinquies</strong></span> <span class='ocrx_word' id='word_1_257' title='bbox 879 3831 1032 3915; x_wconf 84' lang='lat' dir='ltr'><strong>repetitur</strong></span> <span class='ocrx_word' id='word_1_258' title='bbox 1062 3830 1231 3904; x_wconf 82' lang='lat' dir='ltr'><strong>(Conferre</strong></span> <span class='ocrx_word' id='word_1_259' title='bbox 1259 3832 1363 3915; x_wconf 89' lang='lat' dir='ltr'><strong>possis</strong></span> <span class='ocrx_word' id='word_1_260' title='bbox 1396 3833 1484 3916; x_wconf 90' lang='lat' dir='ltr'><strong>apud</strong></span> 
     </span>
     <span class='ocr_line' id='line_1_36' title="bbox 254 3929 1484 4017; baseline 0 -22"><span class='ocrx_word' id='word_1_261' title='bbox 254 3929 430 4015; x_wconf 83' lang='lat' dir='ltr'><strong>Vergilium</strong></span> <span class='ocrx_word' id='word_1_262' title='bbox 456 3934 521 3999; x_wconf 78' lang='lat' dir='ltr'><strong>llcl</strong></span> <span class='ocrx_word' id='word_1_263' title='bbox 544 3933 604 4009; x_wconf 91' lang='lat' dir='ltr'><strong>Ill,</strong></span> <span class='ocrx_word' id='word_1_264' title='bbox 628 3935 752 3998; x_wconf 74' lang='lat' dir='ltr'><strong>stt-57</strong></span> <span class='ocrx_word' id='word_1_265' title='bbox 777 3946 808 3996; x_wconf 91' lang='lat' dir='ltr'><strong>et</strong></span> <span class='ocrx_word' id='word_1_266' title='bbox 830 3931 872 3996; x_wconf 90' lang='lat' dir='ltr'><strong>G.</strong></span> <span class='ocrx_word' id='word_1_267' title='bbox 886 3932 911 4006; x_wconf 87' lang='grc' dir='ltr'><strong>Ι,</strong></span> <span class='ocrx_word' id='word_1_268' title='bbox 936 3933 1128 4007; x_wconf 76' lang='lat' dir='ltr'><strong>aee-aet.)</strong></span> <span class='ocrx_word' id='word_1_269' title='bbox 1173 3931 1322 4016; x_wconf 89' lang='lat' dir='ltr'><strong>Denique</strong></span> <span class='ocrx_word' id='word_1_270' title='bbox 1345 3938 1484 4017; x_wconf 85' lang='lat' dir='ltr'><strong>anaphe-</strong></span> 
     </span>
     <span class='ocr_line' id='line_1_37' title="bbox 254 4029 1485 4119; baseline 0.003 -24"><span class='ocrx_word' id='word_1_271' title='bbox 254 4055 322 4096; x_wconf 90' lang='lat' dir='ltr'><strong>ram</strong></span> <span class='ocrx_word' id='word_1_272' title='bbox 355 4035 602 4116; x_wconf 89' lang='lat' dir='ltr'><strong>vocabulorum</strong></span> <span class='ocrx_word' id='word_1_273' title='bbox 622 4029 742 4112; x_wconf 62' lang='lat' dir='ltr'><strong>‚‚hinc“⁵</strong></span> <span class='ocrx_word' id='word_1_274' title='bbox 776 4036 821 4119; x_wconf 86' lang='lat' dir='ltr'><strong>(v.</strong></span> <span class='ocrx_word' id='word_1_275' title='bbox 846 4036 939 4102; x_wconf 57' lang='lat'>342&gt;····</span> <span class='ocrx_word' id='word_1_276' title='bbox 955 4035 1027 4111; x_wconf 82' lang='lat'>348,</span> <span class='ocrx_word' id='word_1_277' title='bbox 1061 4039 1141 4097; x_wconf 88' lang='lat' dir='ltr'><strong>conf.</strong></span> <span class='ocrx_word' id='word_1_278' title='bbox 1166 4032 1204 4099; x_wconf 91' lang='lat' dir='ltr'><strong>V.</strong></span> <span class='ocrx_word' id='word_1_279' title='bbox 1221 4032 1262 4098; x_wconf 90' lang='lat' dir='ltr'><strong>G.</strong></span> <span class='ocrx_word' id='word_1_280' title='bbox 1286 4033 1342 4111; x_wconf 87' lang='lat' dir='ltr'><strong>IV,</strong></span> <span class='ocrx_word' id='word_1_281' title='bbox 1366 4036 1421 4119; x_wconf 86' lang='lat'><strong>55)</strong></span> <span class='ocrx_word' id='word_1_282' title='bbox 1453 4047 1485 4099; x_wconf 88' lang='lat' dir='ltr'><strong>et</strong></span> 
     </span>
     <span class='ocr_line' id='line_1_38' title="bbox 250 4134 1483 4222; baseline 0.005 -25"><span class='ocrx_word' id='word_1_283' title='bbox 250 4136 353 4212; x_wconf 87' lang='lat' dir='ltr'><strong>‚,iam“</strong></span> <span class='ocrx_word' id='word_1_284' title='bbox 376 4138 421 4220; x_wconf 92' lang='lat' dir='ltr'><strong>(v.</strong></span> <span class='ocrx_word' id='word_1_285' title='bbox 467 4139 647 4214; x_wconf 82' lang='lat'><strong>369-373,</strong></span> <span class='ocrx_word' id='word_1_286' title='bbox 671 4158 689 4200; x_wconf 88' lang='lat' dir='ltr'><strong>c</strong></span> <span class='ocrx_word' id='word_1_287' title='bbox 712 4134 771 4207; x_wconf 85' lang='lat' dir='ltr'><strong>Ge.</strong></span> <span class='ocrx_word' id='word_1_288' title='bbox 796 4137 840 4215; x_wconf 87' lang='grc' dir='ltr'><strong>ΙΙ,</strong></span> <span class='ocrx_word' id='word_1_289' title='bbox 864 4138 1050 4214; x_wconf 84' lang='grc'>416-419)</span> <span class='ocrx_word' id='word_1_290' title='bbox 1074 4134 1252 4200; x_wconf 84' lang='lat' dir='ltr'><strong>Columella</strong></span> <span class='ocrx_word' id='word_1_291' title='bbox 1275 4138 1483 4222; x_wconf 72' lang='lat' dir='ltr'><strong>usurpavil²l</strong></span> 
     </span>
    </p>
   </div>
   <div class='ocr_carea' id='block_1_3' title="bbox 326 4339 1486 4410">
    <p class='ocr_par' dir='ltr' id='par_1_7' title="bbox 326 4339 1486 4410">
     <span class='ocr_line' id='line_1_39' title="bbox 326 4339 1486 4410; baseline 0.003 -21"><span class='ocrx_word' id='word_1_292' title='bbox 326 4341 351 4410; x_wconf 87' lang='lat' dir='ltr'><strong>t)</strong></span> <span class='ocrx_word' id='word_1_293' title='bbox 370 4342 446 4391; x_wconf 85' lang='lat' dir='ltr'><strong>Nihil</strong></span> <span class='ocrx_word' id='word_1_294' title='bbox 466 4342 552 4392; x_wconf 87' lang='lat' dir='ltr'><strong>habeo</strong></span> <span class='ocrx_word' id='word_1_295' title='bbox 571 4343 642 4406; x_wconf 87' lang='lat' dir='ltr'><strong>qnod</strong></span> <span class='ocrx_word' id='word_1_296' title='bbox 661 4357 812 4408; x_wconf 88' lang='lat' dir='ltr'><strong>comparem</strong></span> <span class='ocrx_word' id='word_1_297' title='bbox 831 4344 905 4408; x_wconf 85' lang='lat' dir='ltr'><strong>apud</strong></span> <span class='ocrx_word' id='word_1_298' title='bbox 923 4340 1073 4405; x_wconf 79' lang='lat' dir='ltr'><strong>Vergilium</strong></span> <span class='ocrx_word' id='word_1_299' title='bbox 1093 4341 1197 4390; x_wconf 88' lang='lat' dir='ltr'><strong>duobus</strong></span> <span class='ocrx_word' id='word_1_300' title='bbox 1226 4339 1382 4406; x_wconf 76' lang='lat' dir='ltr'><strong>anaphoras</strong></span> <span class='ocrx_word' id='word_1_301' title='bbox 1400 4357 1486 4394; x_wconf 85' lang='lat' dir='ltr'><strong>exem-</strong></span> 
     </span>
    </p>
   </div>
   <div class='ocr_carea' id='block_1_4' title="bbox 0 0 1613 4846">
    <p class='ocr_par' dir='ltr' id='par_1_8' title="bbox 0 0 1613 4846">
     <span class='ocr_line' id='line_1_40' title="bbox 0 0 1613 4846; baseline 0 0"><span class='ocrx_word' id='word_1_302' title='bbox 0 0 1613 4846; x_wconf 95' lang='lat' dir='ltr'><strong> </strong></span> 
     </span>
    </p>
   </div>
  </div>
 </body>
</html>
