3210 4846
734 1313 866 1394 caput
892 1313 947 1382 11.

256 1505 282 1568 1.
388 1507 548 1574 Honorum
575 1509 888 1590 sermusculum,
912 1507 1045 1584 Silvine,
1067 1509 1194 1590 docebo,

385 1608 516 1689 Atque
539 1630 595 1684 ea,
618 1630 720 1690 quae
743 1609 936 1691 quondam
959 1610 1071 1692 spatiis
1087 1612 1233 1676 exclusus
1256 1611 1377 1693 iniquis,

385 1708 470 1773 Cum
496 1721 620 1774 caneret
644 1711 745 1777 latius
767 1713 903 1793 aaudiat,
928 1719 959 1773 et
982 1733 1096 1770 munero
1120 1717 1233 1779 Bucoli,

386 1810 428 1874 Et
450 1814 491 1887 te,
515 1829 625 1895 noune
649 1814 748 1895 Peleo,
773 1834 830 1876 nec
854 1835 916 1875 non
940 1814 1214 1888 coelestionem,

389 1913 550 1999 Vergilius
574 1915 664 1979 nobis
688 1915 758 1997 post
779 1932 815 1981 se
838 1916 1033 1981 memoranda
1057 1915 1186 1997 reliquit.

387 2016 539 2100 Principio
561 2017 666 2084 sedem
692 2038 861 2080 numeroso
883 2015 1034 2099 [rrucbeat
1055 2021 1145 2079 horto

386 2123 505 2196 Reque
526 2141 600 2197 uqa,
624 2120 729 2202 putres
750 2119 881 2201 glaebas
904 2121 1101 2201 resolutaque
1123 2129 1210 2197 terge

387 2218 453 2299 Qui
474 2221 559 2303 gerit
581 2233 611 2284 et
634 2227 737 2284 fossus
758 2225 875 2298 graciles
896 2225 1020 2280 imitatur
1042 2241 1151 2280 arenae.

390 2322 484 2403 dique
507 2324 617 2390 babilla
641 2334 754 2386 natura
777 2322 845 2398 suli,
867 2343 950 2403 (puae
972 2325 1109 2405 gramine
1132 2325 1215 2390 laelo

301 2523 327 2560 v.
348 2516 374 2563 l:
393 2511 506 2562 Initium
525 2511 654 2561 carminis
673 2511 717 2559 sui
736 2512 805 2560 satis
823 2512 999 2560 manifestum
1017 2517 1059 2560 est
1077 2510 1255 2560 Columellam
1273 2511 1455 2561 conformasse

234 2596 383 2646 secundum
402 2597 434 2648 V.
453 2595 484 2647 G.
504 2595 556 2653 ΙΙΙ,
575 2603 639 2647 440:
670 2595 821 2647 Morborum
839 2613 945 2661 quoque
963 2603 989 2646 te
1015 2613 1129 2646 caussas
1149 2601 1175 2646 et
1194 2597 1275 2660 signe
1294 2595 1403 2646 docebo.
1421 2623 1455 2634 -

234 2697 260 2733 v.
279 2687 311 2734 2:
330 2681 471 2731 Vocabula
489 2688 587 2746 „atque
606 2685 654 2730 ea“
674 2698 780 2730 versum
800 2683 962 2746 incipientia
981 2683 1063 2730 ctiam
1081 2683 1110 2729 in
1129 2681 1248 2729 Aeneide
1266 2685 1307 2729 ter
1329 2679 1458 2744 leguntur

234 2765 307 2830 (VII,
326 2773 387 2830 5⁴0;
406 2765 453 2826 IX,
473 2772 504 2829 l;
524 2766 585 2827 XII,
604 2766 676 2832 883).
724 2767 800 2819 Cani.
827 2768 908 2816 etiarn
937 2768 1045 2816 initium
1074 2765 1227 2818 Aeneidos:
1254 2764 1304 2813 Ille
1332 2781 1390 2828 ego,
1408 2767 1455 2830 qui

234 2851 377 2915 quondam.
414 2851 501 2902 Verba
520 2855 619 2918 spatiis
638 2853 765 2902 exclusus
785 2853 887 2916 iniquis
907 2852 1072 2916 deprompsit
1091 2849 1148 2900 (tol.
1167 2866 1199 2898 ex
1217 2852 1248 2902 V.
1276 2849 1309 2899 G.
1328 2850 1374 2910 IV,
1395 2855 1457 2913 1473

235 2936 332 2984 Verum
350 2936 417 2985 haec
436 2938 494 3001 ipse
514 2938 636 3002 equidem
655 2939 754 3002 spatiis
773 2937 900 2986 exelusns
920 2938 1032 3000 iniquis.
1051 2965 1084 2972 —
1103 2953 1128 2987 v.
1147 2936 1274 2987 32Verba
1293 2935 1397 2996 „laetas
1416 2950 1457 2984 se-

237 3025 328 3083 getes“
347 3022 376 3070 in
396 3023 481 3086 prirno
501 3021 693 3086 Georgicorum
713 3038 792 3072 versu
812 3022 948 3084 leguntur.
967 3022 1081 3070 Munera
1104 3021 1207 3070 Bacchi
1230 3020 1300 3068 dixit
1327 3019 1383 3069 Col.
1407 3019 1459 3068 ior·

237 3110 311 3153 tasse
329 3121 428 3155 memor
446 3121 540 3156 versus
560 3106 675 3169 Vergilii
694 3105 726 3156 G.
746 3106 779 3164 ΙΙ,
797 3106 882 3156 4-5ῑ
902 3105 964 3154 Huc
982 3113 1066 3170 peter,
1094 3122 1108 3154 o
1127 3105 1243 3165 Lenaee,
1269 3105 1325 3152 tuis
1344 3103 1388 3154 hic
1406 3119 1460 3152 om-

238 3191 285 3238 uia
304 3189 385 3255 plena
403 3189 572 3242 Muneribus.
609 3189 777 3240 Coni.etiam
796 3189 847 3240 Col
875 3206 900 3241 v.
920 3196 981 3242 426:
1001 3190 1040 3240 Ac
1058 3192 1183 3239 metimus
1199 3188 1265 3239 laeti
1281 3193 1330 3237 tua
1340 3204 1459 3251 munera,

237 3273 327 3323 dulcis
346 3274 457 3325 Jaoche.
476 3304 509 3312 —
527 3291 553 3325 v.
572 3282 604 3322 4:
623 3275 675 3335 „Iit
693 3281 728 3334 te,
746 3290 847 3338 magua
865 3275 964 3324 Pales“
982 3275 1049 3323 dicit
1067 3273 1123 3326 Col.
1142 3273 1290 3323 secundum
1315 3272 1346 3324 G.
1367 3273 1416 3333 111,
1436 3280 1459 3327 Ι.

236 3357 275 3410 'l'e
289 3376 404 3425 quoque,
422 3375 523 3424 magna
534 3359 623 3410 Pales.
641 3360 731 3409 Verba
750 3358 898 3420 „caelestia
917 3357 1014 3407 ιῐιεΙΙιιιι
1034 3361 1093 3408 sine
1112 3359 1194 3408 dubio
1205 3363 1347 3408 mutuatus
1366 3364 1408 3408 est
1426 3375 1459 3408 ex

237 3445 269 3499 G.
289 3449 333 3506 lV,
354 3451 380 3499 l:
399 3446 528 3495 Protinus
547 3447 615 3495 aerii
633 3443 721 3494 mellis
741 3445 873 3494 caelestia
892 3444 970 3494 dena.
991 3472 1023 3480 —
1042 3460 1067 3495 v.
1087 3451 1115 3495 5:
1135 3442 1293 3492 Clausulam
1311 3457 1406 3492 versus
1417 3443 1461 3491 de-

236 3532 368 3596 prompsit
386 3546 419 3580 ex
440 3529 486 3580 Ge.
505 3532 549 3591 ΙΙΙ,
570 3535 631 3582 ΙΙΒι
650 3530 791 3579 Praetereo
810 3536 892 3594 atque
912 3528 975 3578 aliis
994 3534 1056 3594 post
1074 3544 1115 3578 me
1141 3526 1314 3577 memoranda
1337 3527 1461 3591 relinquo

238 3643 271 3652 —-
288 3632 314 3668 v.
334 3621 363 3667 6:
382 3616 494 3664 Initium
520 3630 615 3665 versus
635 3615 694 3664 sine
719 3615 800 3664 dubio
825 3613 988 3678 deprompsit
1015 3627 1047 3661 ex
1066 3611 1098 3665 G.
1115 3614 1160 3674 IV,
1178 3619 1207 3665 8:
1225 3612 1364 3676 Principio
1383 3611 1461 3662 sedes

238 3701 337 3764 apibus
348 3699 486 3763 statioque
496 3698 622 3764 petenda.
633 3727 665 3734 -
684 3715 709 3750 v.
721 3703 752 3748 7:
772 3699 861 3746 Verba
879 3698 987 3762 „piguis
1007 3700 1088 3760 ager‘
1107 3697 1177 3748 coni.
1197 3713 1258 3746 cum
1268 3698 1348 3747 initio
1366 3711 1461 3747 versus

238 3781 286 3836 Ge.
306 3787 326 3843 Ι,
345 3789 392 3832 642
411 3783 513 3849 pingue
533 3785 628 3836 solum.
665 3783 775 3832 Exitum
799 3796 893 3831 versus
917 3786 1026 3844 „putres
1051 3779 1164 3844 glaebas
1174 3779 1347 3846 resolutaque
1368 3785 1463 3844 terga“

239 3871 298 3920 sine
326 3869 408 3920 dubio
435 3870 552 3934 sumpsit
571 3868 628 3920 Col.
647 3886 679 3918 ex
699 3867 746 3917 Ge.
765 3865 787 3926 I,
805 3873 851 3919 44:
870 3867 1000 3930 Liquitur
1017 3871 1044 3915 et
1062 3865 1184 3930 Zephyro
1203 3867 1290 3930 patris
1314 3882 1343 3916 ss
1363 3864 1462 3930 glaeba

239 3954 360 4006 resolvit.
379 3982 412 3991 -
430 3969 456 4004 r.
476 3959 508 4007 8:
528 3954 595 4003 Cum
613 3955 704 4004 verbis
723 3951 857 4016 „graciles
877 3952 1001 4000 imitatur
1018 3953 1133 3999 arenae“
1152 3949 1219 3999 duos
1239 3949 1410 4014 Vergilianus
1426 3949 1465 4000 lo·

240 4057 285 4091 cos
306 4042 395 4106 possis
413 4039 543 4099 conferre,
562 4038 594 4090 G.
613 4041 647 4098 ΙΙ,
667 4043 729 4089 204:
749 4037 784 4087 Et
802 4038 845 4086 cui
864 4040 941 4101 putre
960 4036 1055 4086 solum.
1073 4062 1107 4070 —
1125 4049 1241 4099 namque
1259 4033 1309 4084 hoc
1327 4035 1465 4084 imitamur

240 4126 351 4186 arando,
375 4130 402 4175 et
429 4125 574 4189 praecipue
597 4125 666 4174 Aen.
694 4122 716 4184 Ι,
741 4128 767 4175 l:
791 4122 842 4172 llle
870 4137 929 4186 ego,
955 4122 1003 4186 qui
1029 4117 1165 4184 quondam
1191 4117 1290 4182 gracili
1308 4117 1463 4168 modulatus

241 4225 338 4262 avana.
356 4237 390 4246 -
407 4225 434 4258 v.
454 4214 487 4262 9:
507 4209 621 4258 Initium
644 4222 740 4258 versus
766 4213 837 4257 certe
860 4212 1000 4258 mutuatus
1025 4210 1067 4254 est
1091 4202 1150 4258 Col.
1174 4219 1207 4253 ex
1229 4205 1260 4256 V.
1285 4203 1316 4254 G.
1335 4202 1380 4263 IV,
1398 4207 1463 4252 418:

241 4295 328 4360 Atque
354 4292 456 4344 habilis
484 4294 609 4343 membris
636 4295 713 4344 venit
736 4293 823 4356 vigor,
850 4291 1002 4342 clausulam
1032 4305 1064 4340 ex
1097 4287 1129 4339 G.
1147 4287 1183 4349 ΙΙ,
1212 4293 1275 4342 525:
1294 4288 1465 4360 pinguesque

243 4380 272 4429 in
290 4380 413 4446 gramine
431 4377 512 4429 lusto.
