3210 4846
670 312 872 373 ..14-

160 492 314 559 vocabulo
327 503 457 573 „coma“
481 496 723 579 tropiceutitur‚
749 496 911 562 vocabulis
924 496 1059 574 ,‚orinis“
1081 498 1299 580 ct„capillus“
1323 519 1384 560 non

158 596 244 662 item.
289 597 381 661 Conf.
404 599 574 682 praecipue
597 598 667 662 Col.
691 601 731 664 98
751 610 782 662 et
805 601 866 664 297
891 623 964 665 cum
988 599 1046 664 Ge.
1071 598 1131 677 lV,
1155 601 1226 668 122.

222 699 389 763 Praeterea
410 704 468 764 hoc
491 723 603 780 genere
626 707 892 785 metaphorarum,
915 705 953 767 de
976 725 1041 785 quo
1066 703 1202 786 agimus,
1225 701 1270 764 ita
1288 701 1387 764 etiam

160 802 262 865 utitur
286 801 474 878 Columella,
498 813 533 866 ut
556 813 657 866 terrae
679 805 853 867 viscera
887 808 932 889 (v.
963 807 1030 889 72),
1064 805 1206 868 sinum
1242 803 1285 887 (ν.
1312 805 1383 874 157,

160 905 231 981 168,
254 904 340 986 206),
363 905 548 970 cucurbitae
571 906 723 970 collum
748 909 850 991 (234),
873 908 965 971 violis
987 909 1146 972 oculos
1171 908 1214 989 (v.
1238 907 1314 990 259)
1338 928 1385 969 ro·

158 1028 211 1071 sae
232 1027 371 1090 genas
394 1015 437 1082 (v.
461 1008 548 1091 261),
571 1011 735 1073 cucumeri
759 1020 959 1074 ventrem
983 1012 1025 1095 (v.
1048 1012 1136 1094 391),
1173 1009 1267 1071 moris
1291 1029 1386 1072 cru-

158 1131 272 1174 orem
295 1110 338 1194 (v.
362 1109 504 1193 401-2)
528 1110 647 1175 tribuat
669 1112 767 1194 idque
789 1111 864 1195 plus
888 1111 1034 1174 minusve
1057 1134 1130 1175 cum
1164 1111 1297 1196 Vergilii
1315 1111 1386 1173 irni-

158 1211 285 1277 tatione.
308 1250 352 1260 -

244 1313 508 1391 Translationem,
530 1339 627 1398 quam
652 1316 748 1379 latius
773 1331 960 1400 prosecutus
984 1328 1030 1380 est
1065 1315 1243 1380 Columella
1277 1353 1316 1364 -
1341 1317 1387 1380 ita

159 1428 195 1481 ut
217 1417 488 1502 allegoriam
526 1441 596 1481 eam
630 1419 733 1502 possis
762 1419 922 1503 appellare
958 1457 997 1466 —
1032 1420 1157 1484 invenis
1179 1418 1212 1482 in
1238 1416 1385 1482 versibus

159 1520 220 1584 215
245 1542 331 1602 sqq:

309 1622 370 1688 Sed
392 1624 471 1706 quid
494 1646 551 1703 ego
574 1625 702 1688 infreno
715 1623 847 1687 volitare
870 1646 927 1707 per
949 1626 1079 1688 aethera
1101 1647 1198 1689 cursu
1218 1626 1272 1707 (cf.
1284 1647 1314 1707 p.
1331 1625 1385 1706 10)

312 1725 431 1790 Passus
454 1749 553 1809 equos
577 1727 683 1790 audax
706 1725 837 1790 sublimi
860 1727 986 1792 tramite
1010 1729 1143 1812 raptori

312 1828 404 1911 (225)
427 1827 483 1892 Me
507 1851 576 1892 mea
599 1828 742 1912 Calliope
765 1850 842 1892 cura
864 1828 983 1895 leviore
1005 1843 1176 1914 vagantem

309 1929 385 1994 Jam
410 1943 544 2008 revocat,
568 1952 730 2015 parvoque
753 1929 841 1995 iuvet
864 1931 1029 1996 decurrere
1050 1953 1141 2016 gyro,

704 2043 762 2096 ete.
786 2039 845 2097 etc.

244 2132 307 2196 Hic
327 2134 427 2217 igitur
449 2132 628 2198 Columella
651 2135 794 2199 studium
822 2134 1004 2198 reconditae
1036 2131 1247 2214 sublimisque
1281 2143 1380 2196 matc-

159 2233 223 2299 riae
245 2237 385 2299 carmine
407 2235 614 2300 celebrandae
636 2239 757 2301 confert
781 2258 854 2322 curn
878 2237 991 2300 audaci
1015 2236 1123 2300 volatu
1146 2257 1304 2318 equorum
1328 2233 1388 2298 So·

157 2335 196 2398 lis
219 2358 349 2402 currum
373 2337 583 2402 Phaethontis
606 2338 800 2407 vehentium.
846 2337 967 2402 Similis
991 2339 1154 2402 translatio
1178 2339 1258 2401 inest
1283 2335 1389 2399 verbis

161 2436 308 2522 Vergilii,
331 2438 372 2503 G.
395 2441 436 2516 lI,
460 2462 488 2506 v.
511 2442 679 2517 all-423

312 2541 374 2606 Sed
399 2564 456 2605 nos
479 2541 671 2607 immensum
698 2545 809 2628 spatiis
832 2543 1026 2607 confecimus
1049 2565 1169 2625 aequor

313 2643 356 2708 llt
379 2645 442 2707 iam
465 2654 593 2728 tempus
617 2668 736 2728 equum
760 2646 917 2710 fumantia
939 2645 1062 2709 solvere
1085 2643 1174 2706 colla.

249 2745 268 2830 §
292 2753 319 2812 6.
343 2747 452 2830 Atque
477 2747 554 2810 baec
578 2749 674 2812 habui
697 2771 780 2831 quae
804 2750 843 2813 de
866 2762 1030 2830 troporum
1054 2745 1140 2828 apud
1176 2744 1388 2809 Columellam

164 2868 225 2912 usu
248 2847 281 2910 in
305 2849 491 2913 universum
516 2849 709 2916 dissererem.
754 2850 960 2932 Inquiramus
983 2849 1046 2911 iam
1083 2849 1192 2930 parneis
1226 2847 1258 2909 in
1294 2846 1390 2931 epi-

166 2949 266 3014 tbet
282 2972 356 3015 cru
373 2974 414 3028 m,
436 2951 557 3034 quibus
582 2951 684 3014 utitur
697 2951 876 3016 Columella
899 2954 931 3014 in
944 2951 1084 3014 carmine
1107 2972 1177 3025 sun,
1202 2951 1268 3012 vim
1291 2961 1390 3031 atque

162 3063 317 3118 naturam.
1149 3039 1153 3046 ¹

245 3153 424 3218 Columella
447 3178 520 3219 cum
544 3168 690 3219 accurate
714 3157 855 3219 novisset
879 3154 1082 3240 Vergilianas
1102 3175 1234 3238 poeseos
1247 3153 1392 3216 maiesta-

160 3266 223 3320 'tem
246 3267 510 3341 venustatemque
533 3258 679 3342 inprimis
702 3257 986 3342 splendidissimae,
1006 3279 1068 3318 non
1079 3257 1188 3319 videre
1218 3278 1281 3319 non
1305 3267 1391 3338 potc-

160 3368 208 3421 rat
231 3357 373 3442 epitheta
395 3359 532 3422 sermoni
555 3360 680 3443 poetico
703 3371 734 3423 et
755 3359 924 3423 excitando
948 3370 978 3422 et
1002 3359 1228 3442 locupletando
1251 3357 1300 3421 vel
1327 3380 1392 3419 rna·

158 3458 244 3524 xime
268 3459 440 3527 inservire:
462 3461 570 3544 itaque
594 3462 728 3526 attalia
753 3474 938 3524 ornamenta
961 3462 1057 3524 etiam
1075 3483 1134 3523 suo
1157 3459 1289 3522 carmini
1315 3479 1392 3542 sup·

163 3562 321 3646 peditaret
343 3583 448 3645 neque
469 3563 617 3643 exiguam
642 3585 745 3646 nequo
766 3562 926 3627 infelicem
950 3563 1039 3626 dedit
1071 3583 1216 3645 operam3
1248 3561 1335 3624 unde
1356 3560 1392 3622 fit

161 3682 198 3727 ut
221 3664 254 3726 in
278 3665 417 3729 carmine
441 3664 511 3728 eius
533 3667 692 3748 permulta
716 3687 817 3748 eaque
840 3665 1007 3748 aptissima
1030 3662 1391 3746 inveniamusepithera‚

163 3789 301 3849 quorum
338 3767 442 3831 multa
470 3766 602 3849 quidem
636 3790 675 3831 ex
712 3766 846 3851 Vergilii
880 3766 1073 3829 carminibus
1102 3771 1159 3828 aut
1192 3765 1314 3848 integre
1336 3775 1392 3825 aut

160 3892 260 3954 parva
282 3890 356 3932 cum
381 3869 557 3933 mutatione
580 3877 748 3935 mutuatus
772 3880 828 3943 est,
853 3868 937 3932 haud
963 3891 1067 3952 pauca
1090 3873 1198 3931 autem
1222 3889 1318 3929 suum
1343 3864 1393 3948 ip-

160 3971 228 4036 sius
250 3993 379 4055 quoque
401 3970 570 4034 arbitrium
593 3994 730 4055 sequens
753 3971 908 4036 adhibuit.
965 3969 1086 4034 Verum
1117 3968 1142 4032 si
1176 3967 1286 4030 onmia
1308 3990 1391 4049 quac

162 4074 334 4157 usurpavit
358 4073 536 4137 Columella
557 4073 693 4156 epitheta
717 4094 804 4136 nunc
818 4072 967 4156 deinceps
976 4073 1072 4135 velim
1085 4092 1273 4136 enumerare
1295 4069 1391 4132 etiam

162 4173 404 4258 simplicissima
426 4185 522 4255 atque
544 4173 740 4239 ieiunissimn
776 4174 922 4256 religiose
955 4195 1157 4257 persequens,
1180 4178 1321 4256 profecto
1346 4171 1389 4234 rei

170 4281 263 4360 plane
285 4275 391 4338 inutili
414 4275 576 4358 ingentem
599 4277 784 4361 impendam
816 4277 979 4339 laborem:
1002 4276 1110 4357 itaque
1134 4295 1302 4338 exectum
1333 4277 1394 4336 lar·

167 4377 301 4463 gissima
324 4376 416 4461 copia
438 4389 564 4442 tantum
596 4378 801 4462 epitheta
830 4376 1022 4460 tropica,
1056 4375 1177 4460 quippe
1214 4374 1247 4438 in
1274 4371 1394 4458 quibus
