3210 4846
748 288 950 350 ...19-

391 467 456 532 Νο0
479 469 625 536 manibus
649 470 741 534 mites
763 471 892 548 ferulas,
914 491 982 534 nec
1005 468 1197 535 cruribus
1225 493 1348 554 sequa

391 569 496 655 Terga
518 572 589 638 rubi
612 573 772 656 spinisque
794 577 871 636 ferat
895 575 1032 656 petiuran
1056 575 1165 641 erulis.

392 670 497 734 Vicini
520 694 649 756 quoque
669 675 735 737 sint
755 696 874 753 amnes,
899 695 980 757 quos
1002 679 1091 736 incolo
1112 679 1203 736 durus

391 771 675 837 Attrabatauxilio
698 797 824 858 semper
846 775 1089 840 sitientibus
1112 776 1259 842 bortis:

392 876 462 938 Aut
486 877 556 938 fons
579 881 720 938 illocrimet
742 877 829 960 putei
854 899 917 940 non
940 879 1013 940 sede
1036 879 1205 960 protunda,

389 975 438 1039 Ne
459 977 568 1059 gravis
593 978 755 1042 hausturis
779 983 948 1039 tendentibus
970 983 1019 1038 itiu
1041 983 1144 1053 vellat,

393 1077 478 1140 Telis
503 1079 622 1142 humus
646 1080 695 1142 vel
719 1079 895 1165 parietibus
919 1086 968 1144 vel
990 1080 1121 1164 sepibus
1144 1082 1235 1146 hirtis

388 1180 575 1258 Claudatur,
599 1203 637 1244 ne
661 1183 701 1244 sit
724 1183 840 1266 pecori,
864 1205 925 1246 neu
950 1183 1058 1265 pervia
1081 1184 1154 1249 furi.

387 1281 458 1346 Neu
482 1284 538 1348 tibi
563 1283 742 1347 Daedaleae
765 1297 960 1368 quaerantur
985 1307 1116 1349 munera
1139 1285 1279 1366 dextrae,

388 1383 455 1447 Nec
478 1385 665 1468 Polycleteo,
685 1408 743 1449 nec
768 1387 988 1464 Phradmonis,
1010 1399 1067 1451 aut
1090 1390 1256 1474 Ageladae

386 1486 466 1549 Arte
488 1486 666 1554 laboretur:
691 1489 746 1552 sed
771 1501 923 1553 truncum
947 1496 1026 1553 forte
1048 1490 1191 1554 dolatum

386 1587 521 1651 Arboris
544 1589 695 1671 antiquae
719 1613 840 1654 numen
863 1612 1013 1655 venerare
1036 1593 1212 1676 Itlrypballi

388 1689 552 1754 Terribilis
575 1691 721 1768 membri,
744 1693 849 1756 medio
871 1695 927 1775 qui
951 1715 1076 1776 semper
1095 1695 1128 1757 in
1153 1695 1243 1758 horto

387 1793 581 1877 Inguinibus
605 1815 714 1876 puero,
738 1796 889 1879 praedoni
913 1799 992 1859 falce
1015 1797 1162 1866 minetur.

388 1898 469 1974 Erpa
491 1918 547 1975 ape
569 1919 655 1960 nunc
677 1903 783 1960 cultus
806 1909 837 1960 et
859 1899 999 1981 tempure
1019 1919 1165 1980 quaeque
1188 1900 1329 1965 serendis

387 1995 580 2075 Seminibus,
597 2021 668 2077 praue
689 2021 757 2060 eura
780 2001 866 2076 sutis,
890 2017 949 2082 quo
971 2002 1074 2066 sidere
1096 2001 1236 2082 primum

388 2101 558 2167 deteantur
579 2103 682 2175 tiores,
705 2102 867 2184 Paestique
891 2104 1011 2168 raseris
1033 2121 1207 2186 geminent,

301 2335 327 2370 v.
347 2325 392 2374 tl:
412 2321 478 2371 Cum
498 2322 587 2371 verbis
606 2337 672 2383 „nec
692 2324 815 2372 cruribus
834 2329 938 2386 aequa“
957 2324 1151 2388 quodammodo
1176 2324 1276 2388 poteris
1304 2339 1458 2389 comparare

233 2406 439 2462 ,‚aeravibrrs
467 2423 530 2455 non
550 2411 710 2470 aequus“
728 2406 760 2456 G.
780 2407 829 2467 111,
849 2413 905 2458 ste.
934 2437 951 2444 -
975 2424 1001 2458 v.
1025 2413 1073 2461 22:
1099 2409 1139 2456 De
1166 2410 1241 2457 vocis
1269 2413 1380 2473 ,‚terga“
1398 2424 1458 2459 sen-

233 2491 321 2538 tentia
339 2489 455 2541 disserui
474 2508 536 2556 pag.
557 2497 596 2542 13.
636 2491 745 2539 Exitum
772 2508 867 2543 versus
893 2499 924 2541 22
945 2494 1004 2542 sine
1023 2493 1105 2542 dubio
1134 2492 1313 2541 conformavit
1337 2490 1393 2540 Col.
1418 2506 1459 2541 se·

235 2573 354 2623 cundum
372 2577 403 2627 V.
424 2575 481 2626 1101.
502 2579 532 2636 V,
551 2583 599 2628 39:
619 2581 645 2622 et.
664 2577 752 2639 spinis
772 2579 860 2640 surgit
879 2577 1002 2641 paliurus
1030 2579 1127 2627 acutis.
1156 2605 1186 2613 -
1215 2593 1240 2627 v.
1266 2582 1315 2628 23:
1334 2575 1456 2624 Incolam

236 2657 332 2707 durum
351 2660 472 2724 appellat
491 2660 546 2709 Col.
565 2666 635 2710 corte
654 2665 763 2708 secutus
784 2660 934 2723 Vergilium
953 2664 982 2710 in
1001 2661 1048 2711 Ge.
1069 2662 1089 2720 Ι,
1111 2667 1158 2711 160
1169 2661 1240 2724 (duri
1255 2662 1397 2725 agrestes),
1415 2659 1459 2710 vel

233 2747 277 2802 lv,
296 2749 344 2794 512
365 2743 460 2809 (durus
479 2744 634 2810 arator).—
653 2761 677 2793 v.
697 2751 743 2798 24:
762 2745 828 2794 Cum
850 2746 938 2795 verbis
950 2747 1201 2806 „sitientibus
1229 2744 1364 2794 hortis“
1388 2745 1459 2794 conf,

238 2829 372 2878 sitiens
392 2828 551 2894 (arvum)
571 2831 601 2876 V.
621 2828 652 2878 G.
674 2829 724 2889 ΙΙΙ,
747 2835 812 2893 137;
831 2846 891 2879 cum
910 2833 1050 2880 sitiunt
1069 2831 1168 2879 herbae
1187 2830 1219 2880 V.
1240 2829 1270 2878 G.
1291 2829 1336 2889 IV,
1354 2833 1458 2878 402.-

234 2930 261 2964 v.
279 2919 325 2966 25:
344 2913 434 2973 „Fons
452 2915 613 2963 illacrimet“
631 2915 701 2963 dixit
719 2914 775 2968 001,
794 2916 909 2965 fortasse
927 2917 1078 2966 secuudum
1095 2917 1125 2964 V.
1144 2914 1192 2965 Ge.
1217 2913 1238 2975 I,
1260 2922 1326 2965 480:
1345 2920 1372 2964 et
1389 2928 1460 2962 mae-

238 3003 309 3047 stum
328 2997 476 3046 illacrimat
494 2999 602 3063 templis
622 3000 699 3049 eburr
718 2999 767 3050 hoc
786 3000 845 3049 loco
863 3006 953 3049 autem
980 3000 1177 3060 ,‚illacrimere“
1196 3015 1250 3049 non
1263 3000 1364 3063 tropice
1383 3011 1459 3046 usur·

236 3087 324 3147 patur.
360 3082 542 3132 Werusdorfio
562 3083 712 3132 Columella
730 3082 775 3133 bic
793 3084 950 3133 Lucretium
959 3085 1068 3134 videtur
1082 3084 1194 3144 imitari,
1213 3085 1260 3147 qui
1279 3082 1347 3131 dicit
1366 3080 1398 3146 (1,
1409 3087 1458 3130 ³49

235 3165 347 3231 -350):
365 3169 395 3215 ln
415 3168 489 3216 saxis
509 3173 536 3215 et
554 3169 693 3230 speluncis
713 3173 853 3232 permanat
870 3183 1002 3231 aquarum
1021 3168 1156 3232 Liquidns
1172 3167 1267 3216 humor
1285 3172 1313 3214 et
1330 3166 1459 3216 uberibus

237 3255 304 3304 fleus
322 3254 413 3302 omnia
432 3253 527 3316 guttis.
547 3279 579 3288 —
598 3269 622 3301 v.
643 3259 687 3302 26:
707 3252 804 3301 Verbis
823 3252 1016 3311 „tendentibus
1043 3253 1093 3301 ilia
1110 3251 1212 3302 vellat“
1226 3250 1394 3301 simillimum
1418 3256 1460 3300 est

237 3339 345 3388 initium
364 3352 458 3387 versus
477 3335 632 3398 Vergiliani
651 3338 682 3388 G.
703 3336 754 3396 ΙΙΙ,
774 3340 835 3388 507:
854 3337 907 3386 Ilia
926 3337 1051 3400 singultu
1078 3337 1203 3388 tendunt.
1223 3364 1254 3373 -
1283 3352 1309 3385 v.
1337 3339 1381 3384 29:
1400 3333 1460 3384 Hoc

237 3426 266 3472 in
285 3438 366 3473 versu
384 3421 494 3481 ,dextra
514 3418 669 3469 Daedales“
689 3421 758 3469 idom
777 3420 919 3485 significat
937 3428 1018 3486 atque
1038 3437 1099 3479 ,ars
1119 3420 1261 3471 Daedali“,
1297 3419 1376 3483 Apud
1395 3419 1460 3468 Ver·

238 3506 334 3569 gilium
354 3503 442 3554 simile
470 3520 604 3568 nusquam
632 3507 767 3554 invenies:
792 3507 838 3569 qui
865 3507 890 3554 si
916 3505 1048 3556 vocabulo
1067 3506 1195 3564 ,.dextra“
1214 3502 1360 3569 symbolice
1378 3531 1411 3540 —
1430 3510 1461 3554 ut

237 3606 286 3640 000
309 3590 426 3639 dicimus
445 3617 478 3623 —
496 3591 590 3648 utitur,
609 3605 713 3654 semper
730 3589 765 3638 ad
785 3589 988 3648 salutationem,
1014 3590 1101 3650 fidem,
1128 3589 1366 3648 confirmationem,
1385 3589 1459 3638 forti·

237 3675 359 3725 tudinem
378 3679 491 3738 spectat,
510 3688 648 3737 nunquam
669 3681 759 3722 arrtem
778 3674 904 3723 similiter
923 3679 1004 3738 etque
1028 3672 1178 3721 Columella
1206 3674 1240 3722 ad
1263 3671 1408 3722 artificium
1435 3679 1462 3722 et

240 3758 398 3809 sollertiam.
417 3785 450 3794 -
468 3774 494 3806 r.
512 3763 563 3806 35:
582 3760 613 3806 Iu
633 3759 712 3806 initio
732 3758 788 3808 Col.
808 3759 925 3807 fortasse
943 3759 1029 3808 exitui
1048 3773 1143 3807 versus
1163 3757 1316 3822 Vergiliani
1335 3757 1368 3807 G.
1387 3757 1408 3817 1,
1428 3763 1460 3807 68

237 3844 312 3908 (ergo
331 3858 391 3906 age,
410 3848 497 3891 terrae
507 3842 612 3904 Pingue
623 3842 710 3890 solum
720 3871 752 3878 -
771 3843 910 3892 invertant
924 3842 1007 3908 tauri)
1019 3843 1277 3900 seaceommodavit,
1288 3843 1316 3890 in
1335 3842 1462 3892 clausula

236 3930 296 3979 sine
314 3928 396 3976 dubio
414 3927 538 3975 imitatur
565 3925 638 3983 G.1,
667 3932 729 3976 25³:
757 3933 916 3992 tempusque
944 3927 1060 3978 serendi.
1086 3954 1117 3963 -
1137 3944 1161 3976 v.
1189 3933 1236 3976 36:
1260 3928 1355 3976 Verbis
1375 3942 1460 3991 „quae

236 4029 301 4063 cura
319 4013 405 4061 satis“
424 4012 494 4060 coni.
515 4009 548 4058 V.
568 4011 598 4060 (1.
618 4010 639 4071 Ι,
659 4016 687 4058 3:
706 4028 775 4075 quum
794 4029 858 4062 eura
878 4015 965 4072 boum,
984 4017 1011 4060 et
1029 4011 1061 4061 (t.
1080 4010 1127 4069 IV,
1140 4014 1204 4059 118:
1229 4013 1342 4077 pinguis
1369 4010 1460 4061 hortos

236 4113 306 4162 quae
325 4113 389 4146 cura
408 4095 522 4144 colendi.
541 4123 574 4132 --
592 4097 623 4143 10
642 4097 716 4144 exitu
735 4112 829 4146 versus
848 4103 919 4147 certe
942 4098 1066 4146 imitatur
1092 4099 1125 4150 V.
1143 4095 1174 4147 G.
1199 4097 1220 4156 1,
1241 4102 1268 4146 l:
1297 4113 1349 4160 quo
1373 4097 1461 4146 sidere

238 4188 336 4232 terram
361 4180 408 4246 (cf.
427 4196 489 4244 pag.
512 4181 562 4244 19).
581 4207 613 4216 -
633 4184 729 4230 0371
760 4180 870 4229 Initium
900 4197 995 4231 versus
1022 4185 1053 4231 37
1080 4181 1245 4246 deprompsit
1273 4198 1305 4230 ex
1333 4181 1392 4231 Eel.
1409 4179 1472 4242 111,

239 4270 299 4316 lor:
318 4265 474 4315 Nascantur
493 4265 587 4325 flores,
606 4270 633 4313 et
651 4265 780 4329 Phyllide
799 4266 874 4316 solus
899 4266 998 4316 habeto
1019 4294 1051 4302 -
1071 4267 1175 4315 rosaria
1185 4266 1278 4316 Paesti
1296 4265 1366 4331 legis
1386 4265 1460 4331 apud

236 4349 389 4415 Vergilium
408 4348 440 4402 G.
459 4349 507 4408 IV,
527 4354 626 4398 11⁹.-
