3210 4846
745 311 947 376 ..21-

397 497 485 555 Terra
506 497 580 554 bibet
595 497 687 574 fontes
709 505 740 557 et
761 497 868 555 himrtiu
891 492 1050 578 compleat
1070 515 1128 558 ora.

240 591 292 658 50.
396 593 520 675 Quodsi
544 617 602 660 nec
624 601 694 657 eecli
715 617 773 658 nec
796 595 901 682 campi
924 593 1078 680 competit
1098 599 1206 662 tuum.

393 699 606 781 ingeniumque
629 699 699 774 luci,
721 705 770 762 vel
789 697 945 783 duppiter
965 695 1103 782 abnegat
1125 695 1259 764 imbrem

391 797 664 885 Exspectetur
686 799 823 878 hiems,
847 801 926 864 dum
952 797 1067 864 Bacchi
1090 799 1221 868 armine
1242 799 1334 866 ardor

391 902 543 984 Aequore
565 901 709 966 caeruleo
732 908 839 978 edetur,
862 901 979 966 vertice
1002 900 1125 979 muudi,

391 1002 474 1068 Solis
495 1013 527 1067 et
548 1005 696 1068 adversos
717 1017 839 1066 musard
863 1003 1046 1068 Atlantides
1067 1009 1168 1068 ortus.

283 1155 290 1170 .
391 1105 501 1188 Atque
526 1103 581 1169 ubi
604 1105 668 1168 ium
692 1117 784 1171 tuto
807 1106 978 1171 necdum
1002 1105 1191 1170 conlisus
1213 1101 1400 1190 Olympo,

391 1204 454 1271 Sed
479 1207 623 1292 trepidus
645 1207 792 1293 profugit
816 1207 918 1273 chelas
940 1213 971 1272 et
993 1205 1117 1292 spicula
1139 1203 1291 1274 Phoebus

394 1307 473 1372 Dira
497 1307 606 1394 Nepae
628 1317 783 1394 tergoque
804 1309 895 1375 Croti
918 1309 1094 1374 festinat
1115 1308 1283 1391 equino,

393 1407 507 1474 Nescia
529 1409 618 1496 plebs
640 1411 774 1494 generis,
798 1409 890 1474 matri
916 1431 954 1476 ne
977 1410 1099 1495 parcite
1121 1409 1228 1476 salsae.

391 1514 457 1578 Ista
480 1512 687 1578 Prometheae
707 1512 848 1598 genitrix
871 1513 934 1579 tuit
956 1518 1053 1577 ultera
1076 1524 1197 1578 cretae:

283 1662 290 1678 .
390 1614 501 1680 Altera
523 1637 580 1679 uos
603 1615 696 1680 enixa
719 1637 841 1700 parens,
862 1639 915 1696 quo
936 1629 1053 1694 tempore
1073 1636 1187 1680 saevus

393 1715 552 1782 Tellurem
576 1727 675 1802 ponto
698 1717 807 1782 mersit
831 1715 1013 1802 Neptunus,
1034 1725 1068 1782 et
1089 1717 1191 1782 imum

395 1817 591 1884 Concutiens
614 1819 798 1884 barathrum
823 1819 960 1884 lethaeus
983 1818 1096 1883 terruit
1119 1819 1230 1886 undas.

392 1920 542 2003 Tumque
564 1919 662 1984 semel
685 1925 809 2000 Stygiam
830 1943 918 2000 regem
941 1921 1051 1986 videre
1074 1929 1260 1986 trementem

392 2019 534 2098 Tartara,
557 2045 631 2087 cum
653 2022 759 2108 pelugi
783 2033 958 2108 streperent
979 2027 1031 2084 sab
1049 2027 1169 2102 ponder
1192 2028 1299 2089 Manes.

240 2123 289 2187 65.
393 2121 459 2188 Nos
480 2124 650 2189 fecunda
673 2147 806 2190 munus
829 2123 957 2188 viduo
980 2123 1168 2191 mortalibus
1190 2125 1289 2190 orbe.

308 2377 334 2412 v.
353 2367 401 2417 ⁴⁹3
420 2361 517 2427 Tropo,
535 2363 583 2428 qui
601 2364 674 2416 inest
691 2365 782 2416 verbis
807 2363 909 2425 „Terra
936 2363 1014 2414 bibat
1042 2364 1158 2426 iontes“,
1182 2365 1333 2431 complures
1361 2363 1465 2413 similes

239 2445 313 2510 apud
331 2445 483 2511 Vergilium
501 2446 574 2498 loeus
592 2447 823 2514 babeoprofsrre;
841 2447 935 2498 cf.Ge.
947 2447 1055 2508 limet
1083 2455 1110 2499 et
1127 2451 1198 2501 bibit
1215 2446 1468 2514 humorem(terra);

242 2530 289 2582 Ge
308 2531 356 2594 IV,
375 2537 424 2590 ³2:
441 2534 634 2598 inriguumque
653 2533 1004 2598 bibantuiolariaiontem3
1026 2533 1061 2585 ci.
1072 2535 1282 2596 etiamEcl.111,
1294 2539 1350 2584 111.
1370 2532 1467 2582 Verbis

241 2616 366 2678 „hiantia
384 2619 519 2684 compleat
536 2622 598 2669 oro“
616 2620 688 2674 cont.
706 2622 822 2686 primum
840 2619 993 2670 clausulam
1011 2635 1106 2670 versus
1125 2619 1281 2685 Vergiliani
1290 2617 1322 2669 G.
1341 2619 1384 2677 iv,
1402 2621 1467 2673 483:

242 2701 354 2752 inhians
372 2704 426 2753 tria
445 2704 575 2754 Cerberus
594 2718 655 2768 ora;
673 2704 771 2754 deinde
790 2705 904 2754 eundem
922 2709 1028 2770 tropum
1056 2706 1085 2754 in
1104 2704 1136 2757 G.
1155 2707 1200 2765 111,
1228 2710 1296 2754 stit
1323 2708 1466 2765 terraeque

241 2788 335 2838 ardore
354 2789 508 2842 debiscunt.
525 2817 560 2828 -
577 2806 604 2841 v.
623 2795 668 2841 tor
686 2788 781 2850 „Caeli
799 2788 909 2840 mobilis
928 2788 1038 2839 bumort‘
1057 2791 1125 2841 dicit
1142 2789 1281 2853 Vergilius
1300 2787 1350 2844 Ge.
1368 2789 1390 2847 1,
1407 2788 1466 2838 417.

240 2900 274 2911 -
292 2890 318 2925 r.
338 2879 384 2927 bl:
402 2876 615 2940 „Ingeniumque
640 2875 710 2926 loci“
737 2874 794 2926 Col.
823 2877 884 2926 siue
906 2876 988 2926 dubio
1012 2874 1080 2926 dicit
1106 2875 1254 2925 secundum
1278 2873 1326 2925 Ge
1347 2873 1381 2933 11,
1401 2875 1468 2932 1⁷⁷:

243 2959 324 3009 Nune
341 2959 417 3010 iocus
435 2975 560 3012 arvorum
578 2961 709 3024 ingeniis.
728 2989 759 2998 -
779 2978 804 3012 v.
824 2967 872 3014 52:
902 2961 997 3012 Verbis
1025 2960 1224 3025 ‚.llxspectetur
1252 2959 1356 3009 hiemo“
1379 2955 1469 3008 simile

243 3050 285 3093 est
302 3045 413 3094 initium
436 3061 531 3096 versus
549 3047 579 3095 in
597 3044 645 3098 Ge.
664 3047 686 3110 1,
705 3051 769 3098 226:
788 3046 827 3105 „E
839 3051 1027 3111 xspectata
1046 3059 1153 3110 seges.
1173 3073 1203 3083 -
1229 3047 1260 3093 ln
1287 3041 1363 3092 exitu
1386 3039 1469 3090 huius

243 3144 339 3178 versus
357 3156 391 3166 -
409 3135 440 3179 nt
457 3131 511 3180 iam
530 3131 642 3193 exposui
661 3145 726 3196 pag.
747 3135 777 3180 10
796 3157 829 3168 ·-
848 3133 908 3180 sine
927 3130 1009 3182 dubio
1036 3131 1160 3181 imitatur
1184 3127 1242 3182 Col.
1259 3130 1290 3177 V.
1310 3127 1343 3178 G.
1362 3128 1382 3187 1,
1401 3129 1470 3181 222:

242 3210 399 3278 Gnosiaque
417 3214 539 3264 ardentis
558 3213 672 3265 decedat
689 3213 771 3264 stella
790 3213 918 3265 Coronae.
938 3243 971 3254 -
989 3232 1016 3272 r.
1036 3222 1086 3269 53:
1113 3213 1246 3266 Similiter
1272 3212 1363 3263 verbis
1381 3208 1471 3272 „Gno-

243 3297 302 3347 sius
321 3298 401 3348 ardor
419 3299 537 3350 celeturu
556 3299 624 3349 dicit
642 3298 781 3364 Vergilius
800 3299 832 3350 G.
851 3302 872 3360 1,
890 3306 954 3354 221:
971 3301 1042 3352 Ante
1061 3301 1113 3351 tibi
1133 3299 1206 3349 lloae
1235 3296 1395 3348 Atlantides
1423 3294 1470 3345 ab·

244 3383 419 3446 secudantur,
438 3386 485 3450 qui
504 3399 598 3434 versus
617 3384 733 3434 fortasse
752 3385 842 3433 auimo
861 3383 1026 3435 Columellas
1046 3384 1095 3435 lric
1113 3383 1322 3441 obversabatur,
1347 3394 1467 3445 praeser-

246 3467 295 3515 tim
312 3484 372 3517 curn
392 3469 421 3518 in
439 3485 519 3520 versu
538 3473 668 3534 sequente
687 3467 843 3518 Atlantides
862 3474 1056 3529 commemoret,
1082 3467 1221 3532 Vergilius
1249 3471 1340 3516 autem
1358 3482 1385 3516 v.
1404 3471 1471 3524 222:

244 3550 377 3602 Gnosiam
396 3553 504 3603 stellam
523 3553 653 3613 Coronae,
672 3553 750 3602 cuius
770 3556 933 3604 mentionem
951 3553 1020 3602 facit
1038 3550 1096 3605 col.
1114 3553 1144 3600 iu
1161 3567 1242 3602 versu
1262 3557 1304 3602 st.
1324 3578 1355 3588 -—
1377 3567 1403 3601 v.
1422 3555 1470 3608 5⁴:

244 3636 286 3686 De
304 3638 409 3702 tropica
427 3639 567 3688 sententia
586 3637 712 3687 vocabuli
730 3641 886 3699 „metnant“
903 3639 959 3687 ium
977 3636 1094 3687 disserui
1121 3650 1184 3702 pag.
1219 3643 1265 3700 ¹¹3
1292 3637 1406 3703 exposui
1424 3636 1472 3697 ibi,

245 3720 423 3773 Columellam
441 3722 507 3772 mihi
526 3721 570 3772 hic
588 3723 675 3772 videri
694 3724 797 3773 imitari
815 3726 845 3774 V.
873 3723 905 3774 G.
932 3726 957 3783 1,
978 3728 1047 3774 2⁴6:
1070 3722 1167 3773 Arctos
1195 3722 1300 3774 Oceani
1324 3722 1470 3772 metuentis

245 3823 364 3873 aequore
383 3807 482 3872 tingui.
502 3833 535 3844 -
554 3823 579 3858 v.
601 3813 646 3862 55:
665 3807 761 3857 Verbis
780 3805 957 3876 Columellas,
974 3811 1052 3868 „tuto
1071 3807 1186 3857 necdum
1195 3806 1314 3858 confisus
1333 3807 1470 3872 Olympot‘

246 3891 440 3957 quodammodo
459 3891 562 3942 similia
580 3899 645 3942 sunt
662 3894 745 3943 verba
764 3892 880 3956 Vergilii
899 3892 931 3941 G.
949 3895 970 3952 1,
988 3898 1040 3942 410
1059 3907 1212 3952 „emenso
1231 3907 1303 3942 euru
1321 3892 1389 3940 iam
1407 3890 1448 3939 de
1460 3918 1471 3928 -

245 3976 347 4026 cedit
365 3976 515 4041 Olympo.
535 4003 566 4012 -
594 3993 619 4028 v.
640 3981 687 4030 57:
706 3976 801 4026 Exitui
819 3992 915 4027 versus
939 3976 1038 4026 similis
1066 3981 1108 4025 est
1134 3975 1261 4025 clausula
1286 3989 1381 4024 versus
1406 3973 1470 4024 Ver·

134 4093 146 4116 .
244 4061 343 4125 giliani
362 4060 394 4113 G.
403 4064 448 4120 lll,
466 4067 529 4113 463:
547 4067 640 4126 potat
658 4063 800 4126 equino.
819 4087 845 4100 -
870 4078 896 4113 v.
916 4067 964 4112 60:
984 4059 1133 4112 Clausulas
1155 4073 1270 4113 versus:
1287 4065 1469 4124 quotempore

245 4149 361 4196 saevust
379 4145 449 4195 conf.
468 4147 570 4194 exitum
588 4161 683 4196 versus
703 4147 733 4196 V.
752 4143 784 4194 G.
803 4147 823 4206 l,
842 4151 891 4205 61:
909 4161 962 4209 quo
980 4145 1242 4209 temporoprimum..
1253 4160 1320 4195 -v.
1339 4149 1390 4193 ua:
1408 4143 1468 4210 Sty-

245 4231 308 4294 gius
327 4244 373 4279 rex
390 4229 547 4296 appellatur
565 4230 646 4280 Pluto
672 4232 757 4280 etiam
789 4230 862 4294 apud
886 4227 1038 4294 Vergilium
1065 4229 1132 4280 Aen.
1157 4228 1202 4289 Vl,
1226 4236 1285 4282 151.
1310 4255 1344 4264 -
1367 4246 1392 4279 v.
1421 4235 1470 4284 64:

244 4313 340 4364 Exitui
358 4329 453 4365 versus
472 4314 572 4364 similis
591 4320 633 4364 est
651 4312 778 4364 clausula
796 4299 891 4364 versus
910 4312 1064 4378 Vergiliani
1084 4315 1112 4362 in
1131 4312 1163 4363 G.
1183 4317 1226 4376 lv,
1244 4321 1310 4366 ⁴89:
1327 4315 1470 4378 ignoscere

243 4397 348 4451 Manes.
367 4425 400 4436 -
418 4415 443 4450 v.
464 4403 509 4451 ss:
534 4398 629 4450 Verbis
660 4398 795 4460 „fecunda
822 4402 937 4450 manns“
964 4397 1159 4464 quodammodo
1196 4400 1287 4465 possis
1314 4413 1470 4464 comparare
