3210 4846
663 261 841 327 ...10-

231 449 354 516 Deinde
377 471 416 513 ex
439 449 552 534 figuris
575 451 859 534 apostrophen
882 475 901 513 a
925 450 1101 514 Columella
1122 451 1295 516 adhibitam
1318 450 1360 512 in·

141 555 290 618 venimus
324 553 422 635 idque
456 551 672 618 libentissime.
727 551 775 615 Ut
807 561 930 616 mecam
972 553 1217 638 appellationem
1251 552 1366 616 Silvini

141 659 185 742 (v.
211 659 226 720 l
249 665 281 722 et
301 657 392 738 433),
415 655 509 718 euius
532 655 594 716 iam
614 677 712 739 supra
735 656 792 719 feci
818 656 1011 720 mentionem
1035 657 1121 740 (pag.
1139 658 1183 739 7),
1205 668 1367 739 praeterea

142 763 218 825 haec
241 766 303 823 fere
326 762 471 840 exemplo
492 777 509 819 c
534 756 731 822 Columellas
753 759 893 822 carmine
915 759 1105 844 deprompta
1137 759 1178 822 ad
1207 758 1367 820 illustran-

141 863 214 926 dam
252 861 348 924 huius
382 858 503 938 figurae
535 859 622 942 apud
657 861 743 924 hunc
777 862 963 946 scriptorem
999 863 1063 923 vim
1088 877 1184 944 atque
1219 868 1365 923 naturam

142 963 280 1028 struxime
305 961 382 1025 utihi
407 960 600 1024 videbantur
633 962 762 1026 idonea:
798 964 952 1040 Legimus
975 986 1003 1025 v.
1026 966 1059 1024 4:
1094 964 1136 1024 Et
1170 973 1216 1036 te,
1251 983 1366 1040 magna
1404 1019 1405 1022 ,

141 1069 246 1144 Pales3
280 1063 458 1128 seeundum
484 1062 521 1128 V.
544 1062 583 1128 (i.
606 1065 670 1138 III,
697 1069 784 1128 1.-
798 1085 824 1126 v.
848 1067 887 1127 29
912 1063 1103 1144 saepiusque
1133 1063 1238 1143 (velut
1259 1085 1287 1126 v.
1310 1064 1361 1138 58,

139 1177 190 1247 68,
216 1168 290 1250 159)
313 1167 490 1228 Columella
513 1167 722 1244 agricolarum
746 1163 795 1226 vel
818 1184 918 1225 unum
933 1167 981 1225 vel
1004 1166 1192 1244 complures,
1217 1169 1251 1222 ut
1274 1181 1363 1242 prae-

139 1271 238 1356 ceptis
261 1269 327 1332 suis
351 1267 461 1330 vivum
476 1267 590 1329 induat
602 1266 762 1348 squalidam
775 1269 923 1332 colorem.
946 1264 1135 1347 alloquitur:
1158 1263 1275 1325 similes
1288 1258 1365 1322 allo-

139 1373 282 1438 cutiones
307 1368 467 1451 Vergilius
500 1390 630 1450 quoque
664 1365 813 1429 adhibuit
835 1367 1028 1450 saepissime.
1043 1389 1126 1428 -v.
1150 1367 1191 1430 40
1215 1364 1364 1442 legimus:

140 1475 282 1540 Pierides
316 1471 403 1536 tenui
439 1470 586 1534 deducite
620 1469 758 1531 canuine
784 1467 903 1534 Musae.
929 1469 1034 1532 Etiam
1059 1469 1221 1550 Vergilius
1255 1465 1366 1527 hInsas

138 1578 322 1662 saepissime
344 1573 520 1656 alloquitur
542 1571 574 1633 iu
599 1569 793 1634 carminibus
817 1572 884 1635 suis
908 1573 1001 1656 (eonf.
1027 1571 1092 1637 Eel.
1115 1571 1179 1647 IV,
1205 1577 1238 1646 13
1271 1565 1365 1641 VIII,

139 1681 196 1756 633
219 1678 265 1754 X,
289 1680 328 1744 72
351 1678 440 1752 etel3
464 1694 587 1757 semper
610 1679 715 1736 autem
740 1674 882 1757 appellat
904 1697 955 1737 eas
978 1674 1027 1737 vel
1052 1673 1193 1736 Pierides
1216 1675 1267 1733 vel
1289 1668 1365 1730 Mu·

140 1803 206 1858 sas,
231 1800 396 1862 nunquam
419 1788 526 1841 autem
550 1774 671 1858 duplici
694 1775 822 1838 nomine
846 1777 988 1840 Pierides
1013 1775 1133 1840 Musas.

224 1881 312 1945 Nihil
335 1879 552 1944 consociatum
575 1875 692 1940 habent
714 1897 788 1940 curn
815 1877 997 1956 Vergiliana
1021 1878 1197 1941 elocutione
1222 1884 1366 1958 apostro-

138 1985 220 2070 phae
242 1983 275 2046 in
299 1981 444 2047 versibus
468 1979 663 2044 Columellas
689 1981 869 2056 uta—1933
893 1982 968 2056 224;
993 1982 1054 2045 263
1078 2001 1144 2061 sqq.

225 2083 375 2168 Denique
413 2105 452 2146 ex
486 2081 595 2166 figuris
638 2081 732 2144 etiam
776 2089 959 2144 erotema
1004 2081 1153 2144 adhibuit
1187 2079 1365 2144 Columella

138 2210 166 2255 v.
190 2189 266 2253 215:

222 2288 285 2352 Sed
309 2287 387 2372 quid
411 2307 468 2365 ego
492 2285 614 2350 infreno
627 2285 759 2348 volitare
783 2285 966 2366 peraethera
980 2307 1076 2349 eursu
1091 2307 1158 2367 sqq.
1182 2285 1249 2347 sine
1266 2280 1365 2344 dubio

138 2397 268 2454 secutus
294 2388 483 2474 Vergilium,
505 2388 561 2471 qui
585 2387 662 2450 dicit
685 2387 767 2452 Aea.
796 2386 839 2464 II,
864 2393 940 2452 101:

222 2491 283 2556 sed
308 2491 385 2574 quid
409 2513 469 2575 ogo
493 2490 570 2554 haec
592 2502 698 2554 autem
716 2492 910 2574 nequiquam
935 2490 1057 2570 ingrata
1081 2489 1230 2553 revolvo?

224 2593 243 2680 ξ
277 2599 304 2661 5.
359 2591 469 2676 Atque
512 2593 588 2656 haec
624 2593 699 2656 mihi
733 2593 772 2656 de
811 2593 986 2672 figurarum
1029 2593 1116 2676 apud
1153 2590 1364 2655 Columellam

140 2719 201 2762 usu
225 2695 419 2760 videbantur
442 2694 594 2772 dicenda3
624 2717 711 2760 nunc
734 2700 844 2778 quales
867 2695 981 2778 tropi
1005 2693 1045 2758 ab
1068 2717 1105 2758 eo
1128 2695 1274 2776 usurpati
1299 2693 1364 2755 sint

138 2795 327 2862 videbimus.

223 2897 333 2980 Atque
367 2897 480 2962 Irarum
514 2899 773 2962 observationum
808 2899 937 2962 initium
972 2898 1138 2981 capiamus
1175 2922 1213 2962 ex
1237 2897 1365 2961 duabus

135 3001 421 3084 synecdoches
455 3001 605 3085 speciosis
638 3002 807 3086 exenrplis,
841 3002 873 3064 iu
907 3000 1027 3083 quibus
1062 3001 1198 3064 imitatio
1231 2997 1363 3078 Vergilii

136 3103 212 3166 satis
235 3101 348 3166 elucet.
393 3102 551 3186 Legimus
574 3105 660 3188 apud
686 3104 929 3169 Columellam

221 3225 249 3271 v.
273 3209 328 3271 52:
362 3203 576 3288 Exspectatur
608 3206 724 3283 hiems,
758 3207 837 3270 darn
869 3206 987 3269 Bacchi
1013 3204 1207 3271 Gnosius
1240 3203 1363 3266 air-dor

137 3306 287 3389 Aequore
310 3306 453 3372 caeruleo
484 3311 613 3372 celetur.
658 3307 722 3371 llio
745 3307 908 3385 „Gnosius
942 3309 1057 3372 ardor“
1092 3309 1177 3372 idom
1211 3312 1293 3370 valet
1326 3325 1364 3368 ac

135 3409 238 3482 stella,
272 3429 354 3491 quoe
388 3409 515 3473 Corona
546 3414 733 3494 appellatur.
789 3409 892 3475 Simili
927 3411 1021 3474 modo
1045 3410 1226 3475 Columella
1247 3432 1276 3474 v.
1300 3409 1361 3470 289

133 3511 213 3576 dicit
245 3531 324 3588 „uec
347 3509 488 3576 Sirius
511 3513 636 3577 ardor
658 3511 713 3576 Sic
747 3513 872 3576 miest‘.
918 3514 1029 3595 Atque
1063 3512 1159 3596 priori
1194 3512 1263 3574 loeo
1295 3510 1363 3572 sine

134 3611 234 3678 dubio
255 3612 401 3678 imitatur
425 3612 463 3677 V.
487 3610 526 3680 G.
548 3616 581 3692 Ι,
606 3617 685 3683 222:
719 3613 905 3696 Gnosiaque
937 3615 1077 3678 ardentis
1108 3613 1239 3678 decedat
1273 3611 1363 3675 stella

134 3715 288 3782 Coronae
343 3713 469 3794 „Sirius
492 3716 605 3780 ardor“
629 3725 737 3782 autem
761 3716 856 3781 etiam
881 3717 1018 3802 legimus
1044 3718 1084 3782 V.
1106 3721 1189 3781 Aen.
1212 3715 1259 3790 X,
1282 3720 1360 3789 2t33

132 3820 171 3886 ot.
193 3829 354 3904 praeterea
376 3817 415 3884 G.
441 3817 499 3896 IV,
521 3821 596 3886 425:
629 3832 752 3885 torrens
789 3819 931 3884 sitientes
964 3818 1066 3884 Sirius
1090 3822 1185 3885 Indos
1209 3815 1361 3880 Ardebat·

132 3957 184 4086 HJ
197 3941 226 3988 v.
250 3921 331 4084 234:
360 3917 526 3985 iubare
547 3932 656 3984 exorto
679 3921 697 3987 i.
720 3943 744 3988 e.
767 3922 832 3987 sole
853 3931 922 3986 orto
961 3923 1046 3986 idern
1070 3922 1190 4008 legitur
1214 3921 1252 3986 V.
1277 3922 1359 3984 Aen.

186 4065 194 4088 .
219 4023 257 4084 le
282 4069 289 4084 .

135 4161 282 4172 *nna-o·-
291 4161 338 4170 ua·-

132 4260 187 4328 plis
208 4277 277 4328 quac
296 4263 389 4314 invoui
417 4263 488 4328 apud
517 4263 710 4316 Columellam:
739 4281 761 4316 v.
783 4271 928 4318 351-355.
964 4265 1122 4314 Profuit—
1142 4266 1293 4316 Paenitet
1313 4277 1361 4332 —3

132 4361 158 4400 v.
177 4351 243 4402 att:
263 4345 314 4397 Sed
334 4347 453 4398 rosulum
472 4350 559 4407 sirius,
578 4349 696 4401 resaluto
715 4357 819 4400 uiacstr.
838 4351 951 4418 capitio.
