3210 4846
303 459 487 530 Nascantur
506 461 611 541 flores,
633 461 807 546 Paestique
828 463 948 528 rosaria
970 473 1141 543 gemmant,

303 563 379 647 Quo
402 562 520 629 Bacchi
542 584 658 649 genus,
678 573 736 628 aut
758 562 861 626 aliena
883 563 982 645 stirpe
1003 572 1133 640 gravma

300 664 391 730 Mitis
413 665 573 750 adoptatis
596 671 750 731 curvetur
770 661 917 742 frugibus
938 659 1041 737 arbos,

301 766 445 833 Pierides
469 767 563 831 tenui
582 766 732 832 deducite
754 765 895 830 carmine
916 762 1040 827 Musae.

236 869 422 953 Antequam
444 875 552 934 antem
576 866 756 932 Columella
776 870 835 928 hoc
857 864 960 948 operis
981 866 1032 929 sui
1069 876 1293 948 argumentum
1322 888 1373 931 ex-

150 971 257 1058 plicet,
279 981 427 1036 naturam
449 969 630 1052 faciemque
642 969 713 1046 loci,
735 969 791 1051 qui
805 972 893 1030 horto
905 966 1070 1045 eligendus
1083 968 1134 1046 sit,
1156 968 1232 1033 inde
1254 989 1376 1033 eversu

148 1072 264 1158 quinto
285 1093 390 1157 usqne
419 1073 461 1138 ad
485 1093 612 1137 versum
646 1070 843 1134 tricesimum
874 1075 1026 1150 quartum
1060 1070 1187 1154 copiose
1218 1068 1378 1147 describit,

148 1175 303 1242 ratium
325 1175 395 1240 sine
427 1173 526 1242 dubio
548 1171 668 1236 habens
700 1169 887 1248 verborum,
920 1170 1041 1254 quibus
1064 1172 1239 1256 Vergilius,
1272 1171 1372 1256 prins·

149 1297 248 1364 quam
270 1275 312 1342 ad
334 1292 504 1363 praecepta
525 1276 565 1340 de
587 1274 780 1354 agricultura
792 1273 946 1338 tradenda
968 1274 1107 1353 accedat,
1129 1275 1300 1355 agricolam
1323 1275 1380 1338 ad·

151 1382 297 1447 hortatur
316 1378 391 1464 (Ge
412 1381 437 1458 l,
460 1380 502 1444 to
524 1378 601 1460 sq.):
1092 1467 1094 1471 v

302 1480 356 1546 Ac
377 1481 468 1565 prius
490 1479 636 1558 ignotum
652 1483 733 1542 ferro
756 1497 854 1560 quam
879 1477 1057 1544 scindimus
1078 1500 1206 1562 aequor,

306 1580 430 1648 Ventos
450 1590 482 1646 et
504 1580 629 1645 varium
651 1578 729 1644 caeli
752 1579 947 1664 praediscere
971 1601 1090 1645 morem

306 1681 395 1750 Cura
416 1683 458 1747 sit
479 1703 517 1746 ac
538 1681 658 1766 patrios
677 1683 849 1765 cultusque
870 1682 1062 1765 habitusque
1083 1682 1227 1748 locorum

306 1781 351 1848 Et
372 1784 451 1868 quid
474 1803 621 1866 quaeque
643 1784 725 1847 ferat
746 1783 834 1868 regio
856 1791 889 1848 et
911 1784 990 1868 quid
1015 1806 1163 1870 quaeque
1185 1796 1317 1852 recuset

239 1886 351 1968 Atque
371 1890 429 1951 hae
452 1898 515 1950 tres
543 1885 697 1949 carminis
720 1885 915 1950 Columellas
948 1897 1068 1970 partes,
1100 1907 1182 1968 quas
1213 1892 1381 1970 hucusque

38 2079 41 2084 Ι
155 2009 220 2054 non
242 2011 282 2055 ex
303 1988 425 2065 ordine,
459 1987 514 2052 sed
537 1999 574 2051 ut
596 1989 716 2052 serebat
737 1988 1013 2072 contemplationis
1046 1995 1172 2052 nostrae
1207 2009 1383 2073 processus,

158 2090 432 2157 consideravimus
464 2099 690 2173 quatenusque
721 2089 938 2155 consentirent
968 2111 1043 2154 oum
1076 2091 1153 2155 locis
1186 2089 1381 2172 quibusdam

158 2191 350 2274 Vergilianis
372 2191 586 2270 ostendimus,
609 2191 719 2256 ordine
741 2191 788 2255 ita
810 2199 887 2256 sunt
908 2193 1121 2258 collocandae:
1155 2195 1178 2258 Ι.
1199 2191 1383 2276 Appellatio

159 2293 273 2362 silvia
296 2304 328 2358 et
348 2293 454 2378 operis
476 2295 660 2380 argumenti
683 2293 788 2358 brevis
814 2293 1028 2373 adumbratio,
1061 2317 1089 2362 v.
1114 2296 1205 2361 1-5.
1251 2295 1291 2358 ΙΙ.
1316 2293 1384 2357 De-

162 2395 292 2481 scriptio
315 2405 448 2460 naturae
468 2401 651 2480 formaeque
673 2395 733 2460 loci
745 2399 835 2459 horto
846 2396 952 2461 idonei
975 2419 1005 2460 v.
1029 2398 1143 2464 6-3A
1187 2395 1252 2460 ΙΙΙ.
1275 2397 1385 2460 Accu·

158 2509 227 2563 rata
249 2497 399 2562 materiae
420 2497 612 2581 explanatio,
633 2521 664 2563 v.
688 2500 824 2564 35-40.

244 2598 357 2683 Atque
377 2612 549 2684 postquam
573 2599 751 2665 Columella
782 2623 820 2664 ea
851 2620 934 2683 quae
966 2600 1035 2665 dixi
1067 2600 1275 2688 praemittens
1307 2606 1382 2684 apte

159 2701 380 2785 concinneque
400 2703 441 2767 ad
464 2708 694 2788 argumentum
716 2724 813 2769 suum
826 2703 951 2769 aditum
969 2705 1129 2789 patefecit,
1144 2704 1208 2767 inm
1230 2702 1386 2786 adoperta

160 2804 210 2870 sui
232 2825 393 2870 summam
415 2823 449 2868 se
470 2802 627 2867 convertit
651 2803 678 2870 h.
701 2824 728 2868 e.
750 2803 791 2868 ad
802 2814 971 2888 praecepta
982 2807 1089 2868 hortos
1111 2802 1245 2882 colendi,
1267 2801 1387 2886 quibus

163 2906 322 2970 immiscet
344 2905 526 2990 complures
547 2905 705 2985 longiores
729 2903 929 2970 brevioresve
951 2904 1172 2990 digressiones.

247 3007 290 3072 Et
311 3009 345 3071 in
382 3007 532 3072 materiae
562 3007 667 3092 ipsine
700 3007 908 3092 dispositione
940 3029 1053 3071 rursus
1086 3007 1218 3088 Vergilii
1252 3006 1389 3092 vestigia

162 3110 280 3195 premit
302 3109 378 3174 inde
400 3132 420 3174 a
441 3131 536 3175 versu
559 3111 704 3187 46-93,
727 3107 846 3192 quibus
869 3108 1015 3173 versibus
1048 3109 1194 3194 exponit,
1226 3107 1388 3192 quomodo

162 3211 312 3298 agricolis
334 3211 523 3297 priusquam
547 3224 653 3276 serant
675 3211 780 3276 solum
804 3212 886 3275 horti
908 3211 949 3274 sit
982 3211 1194 3277 tractandum.
1239 3209 1390 3277 Similiter

163 3312 329 3400 Vergilius
350 3314 385 3376 in
397 3313 501 3398 primo
514 3311 748 3398 Georgicorum
770 3313 852 3376 libro
874 3313 919 3396 (v.
941 3314 1085 3398 tamea)
1095 3313 1251 3398 agricolas
1263 3311 1390 3397 copiose

163 3416 273 3493 docet,
295 3415 567 3498 quemadmodum
590 3438 703 3496 agrum
738 3415 927 3500 priusquam
951 3422 1057 3479 serant
1079 3413 1225 3497 subigere
1246 3415 1391 3480 debeant

163 3517 244 3584 lude
266 3539 286 3581 a
307 3539 403 3581 versu
426 3518 469 3580 94
489 3529 597 3583 autem
610 3516 789 3583 Columella
812 3517 846 3580 in
868 3518 990 3582 ratione
1013 3518 1162 3582 materiae
1184 3539 1261 3582 suae
1282 3517 1392 3601 dispo·

165 3619 288 3685 uendae
309 3618 350 3682 ad
374 3617 556 3703 Vergilium
580 3643 619 3685 ne
643 3620 812 3684 minimum
834 3620 966 3702 quidem
993 3617 1088 3684 habet
1110 3629 1308 3702 respectum,
1335 3617 1390 3682 sed

165 3743 257 3788 snam
280 3742 412 3805 prorsus
434 3721 519 3785 viam
542 3723 734 3808 ingreditur:
767 3743 865 3804 quam
901 3720 1078 3785 describere
1109 3721 1231 3806 quippe
1262 3719 1392 3803 quoda
1445 3717 1447 3721 ’

167 3823 332 3910 proposito
354 3835 463 3889 nostro
486 3825 580 3908 plane
601 3826 642 3889 sit
664 3825 803 3890 alienum
822 3824 1023 3909 supersedeo.

94 4005 100 4014 Ι
252 3922 322 4012 §A
366 3925 436 3990 Iam
460 3925 591 3992 veroin
613 3925 893 4003 elocutionis,
925 3925 1173 4009 quamexhibet
1195 3923 1391 3990 Columellas

167 4046 306 4103 carmen,
331 4037 477 4094 naturam
501 4034 598 4110 atque
619 4029 759 4092 indolem
780 4027 977 4110 inquirentes
998 4034 1158 4111 quatenus
1191 4027 1311 4093 nitatur
1333 4028 1392 4091 hac

168 4128 203 4191 in
222 4149 256 4194 re
272 4127 401 4201 Colum.
427 4129 608 4194 beatissima
632 4129 806 4214 Vergiliani
839 4130 993 4194 sermonis
1028 4128 1173 4195 ubertate
1205 4128 1394 4194 conabimur

169 4250 366 4310 cognoscere.
408 4231 518 4317 Atque
542 4232 623 4296 hanc
646 4231 810 4296 materiam
843 4230 1039 4315 aggressuris
1072 4243 1166 4297 antea
1197 4232 1393 4296 monendum

170 4341 219 4394 est
252 4331 360 4410 nobis,
393 4333 589 4412 rationibus,
621 4355 703 4418 quas
735 4334 882 4418 sequitur
904 4333 1083 4400 Columella
1113 4333 1148 4397 in
1170 4331 1267 4398 rebus
1289 4355 1395 4418 ayn·
