3210 4846
754 315 937 376 ..7-

233 523 315 585 quae
328 509 503 582 sequentur
513 497 751 562 substravimus
763 499 981 575 fundamenta,
1003 499 1066 561 iam
1080 506 1225 562 nostrum
1247 505 1304 575 est,
1326 500 1460 584 propius

232 605 271 668 ad
295 602 456 676 intestina,
479 621 561 682 quae
584 621 624 664 ex
646 600 824 665 imitatione
848 601 981 685 Vergilii
995 600 1171 665 Columella
1192 601 1370 685 perceperit
1390 623 1460 666 car-

232 706 309 769 mini
335 726 404 781 sua,
427 705 578 767 accedere
601 706 825 788 pernoscenda.

318 807 359 868 Et
383 806 435 868 hic
467 805 598 887 quidem
634 807 775 889 primum
812 804 1040 889 dispositio
1073 805 1223 869 carminis
1257 805 1454 869 Columellae

236 909 405 972 nonnullas
428 908 519 972 nobis
543 920 647 971 movet
669 909 885 990 quaestiones:
920 929 1072 990 quaerere
1115 909 1200 971 enim
1233 907 1324 983 licet,
1356 929 1462 971 nonne

236 1014 267 1074 iu
293 1035 328 1074 ea
351 1011 547 1074 instituenda
570 1011 674 1092 primo
697 1011 929 1095 Georgicorum
954 1011 1035 1074 libro
1057 1011 1165 1093 aliqua
1188 1033 1227 1074 ex
1250 1021 1340 1094 parte
1363 1008 1462 1073 Colu-

239 1119 328 1178 mella
351 1114 487 1176 voluerit
509 1135 542 1174 se
565 1114 812 1178 accommodare.

323 1218 361 1280 Iu
384 1216 496 1298 primis
519 1215 603 1278 enim
627 1214 858 1299 (ieorgicorum
883 1215 1027 1279 versibus
1049 1214 1211 1300 Vergilius
1237 1214 1463 1290 Maecenatem,

240 1343 304 1404 quo
327 1321 515 1384 adhortante
538 1318 591 1400 (cf.
615 1316 672 1380 Ge.
698 1316 775 1394 111,
798 1320 853 1400 41)
876 1339 1002 1382 carmen
1037 1339 1133 1380 suum
1158 1317 1354 1400 composuit,
1387 1320 1462 1380 allo-

243 1422 354 1504 quitur
377 1417 551 1501 qualesque
573 1441 622 1482 res
645 1441 757 1482 canore
780 1419 855 1481 velit
890 1421 1029 1502 exponit.
1076 1419 1119 1481 Et
1151 1418 1247 1482 verba
1281 1419 1367 1494 eius,
1403 1419 1462 1481 etsi

241 1536 316 1588 sunt
351 1523 531 1596 notissima,
571 1532 677 1592 tamen
711 1524 854 1603 profero,
894 1543 959 1602 quo
992 1521 1117 1584 lucilius
1151 1522 1253 1604 possis
1284 1520 1462 1583 contentio-

237 1647 307 1688 nem
340 1625 505 1686 instituere
538 1644 613 1686 oum
647 1623 798 1686 carminis
833 1623 1029 1687 Columellae
1062 1623 1164 1685 initio.
1230 1623 1317 1685 Dicit
1350 1632 1460 1686 autem

244 1727 419 1811 Vergilius:

387 1828 474 1908 Quid
498 1828 592 1890 faciat
613 1832 712 1890 laetas
735 1839 865 1909 segetes,
887 1850 953 1911 quo
975 1828 1077 1891 sidere
1100 1838 1216 1890 terram

390 1930 530 2006 Vertere,
556 1929 733 2005 Maecenas,
756 1930 916 2012 ulmisque
938 1931 1111 2010 adiungere
1134 1930 1209 1991 vitis

392 2031 582 2107 Conveniat,
605 2052 687 2112 quae
712 2052 789 2094 cura
814 2032 930 2108 boum,
944 2033 1000 2113 qui
1024 2031 1131 2094 cultus
1155 2030 1300 2094 habendo

387 2133 436 2197 Sit
458 2134 575 2216 pecori,
597 2133 712 2214 apibus
735 2141 855 2214 quanta
879 2134 1062 2217 experiente
1084 2133 1187 2217 parcis

390 2235 476 2298 Hinc
499 2255 610 2298 canere
632 2234 794 2317 incipiam.

322 2336 474 2402 Similiter
496 2336 676 2402 Columella
699 2337 811 2420 primis
834 2337 980 2399 versibus
1003 2337 1152 2399 carminis
1176 2336 1230 2398 sul
1257 2357 1330 2398 cum
1352 2340 1460 2420 appel·

242 2441 359 2504 latione
383 2439 494 2503 Silvini
528 2439 693 2520 quaesibi
716 2439 839 2518 agenda
862 2439 924 2502 sint
947 2439 980 2501 in
1004 2438 1144 2502 carmine
1166 2458 1225 2501 suo
1247 2437 1415 2501 describit:

392 2541 567 2606 Hortorum
592 2563 720 2624 quoque
743 2549 774 2604 te
797 2542 913 2619 cultus,
937 2541 1065 2618 Silvine,
1087 2540 1218 2616 doceb0,

392 2646 503 2726 Atque
526 2665 562 2706 ea
584 2665 666 2725 quae
687 2644 850 2725 quondam
876 2644 987 2727 spatiis
1010 2643 1159 2708 exclusus
1181 2640 1313 2723 iniquis,

392 2746 476 2808 Cum
501 2757 625 2809 caneret
647 2746 745 2810 laetas
768 2753 891 2830 segetes
914 2758 946 2809 et
969 2767 1113 2809 munera
1127 2743 1257 2808 Bacchi.

394 2848 436 2911 Et
460 2858 489 2912 te
513 2871 629 2932 magna
654 2849 755 2923 Pales,
778 2871 836 2912 nec
859 2871 921 2912 non
945 2848 1090 2913 caelestia
1113 2849 1207 2912 mella
1232 2883 1234 2892 ι

393 2948 557 3034 Vergilius
581 2950 672 3013 nobis
696 2964 768 3035 post
791 2973 823 3013 se
847 2954 1052 3015 memoranda
1073 2953 1209 3035 reliquit.

327 3051 533 3134 Quamquam
558 3059 665 3115 autem
679 3053 887 3120 Columellam
900 3055 1096 3138 principium
1120 3061 1269 3125 carminis
1292 3063 1342 3126 sui
1365 3061 1467 3127 Geor-

241 3153 383 3232 gicorum
406 3155 535 3216 exordio
559 3155 798 3218 accommodare
822 3157 959 3220 voluisse
983 3157 1079 3221 exiis
1102 3181 1184 3241 quae
1209 3164 1277 3227 dixi
1300 3165 1376 3228 satis
1398 3164 1468 3248 opi-

242 3277 299 3318 nor
321 3268 464 3338 apparet,
487 3268 594 3319 tumen
616 3278 689 3318 eum
725 3257 757 3319 in
782 3258 995 3341 descriptione
1018 3265 1196 3337 argumenti
1231 3267 1282 3330 sui
1311 3267 1467 3333 liberrime

242 3368 368 3420 tantum
391 3358 552 3420 imitatum
576 3380 644 3422 esse
667 3364 848 3442 exemplum
863 3358 993 3439 Vergilii
1016 3367 1226 3446 paullumque
1248 3368 1289 3430 ab
1313 3390 1351 3431 eo
1373 3367 1467 3430 etiam

239 3458 399 3522 aberrasse
423 3459 582 3522 neminem
596 3460 703 3538 fugiet.
747 3463 835 3526 Inter
849 3466 930 3526 hanc
943 3451 1187 3547 descriptionem
1212 3470 1296 3532 enirn
1319 3477 1351 3533 ct
1372 3472 1469 3534 verba

241 3561 303 3636 illa,
326 3560 445 3642 quibus
470 3561 629 3640 Vergilius
652 3561 882 3642 Georgicorum
905 3575 1129 3644 argumentum
1153 3577 1312 3653 explanat,
1335 3577 1392 3634 hoc
1415 3571 1464 3635 in·

243 3673 346 3740 terest,
370 3663 456 3745 quod
473 3662 632 3742 Vergilius
655 3673 802 3728 accurate
825 3667 1028 3748 dilucideque
1051 3671 1209 3746 materiae,
1232 3693 1330 3754 quam
1354 3684 1469 3736 tracta·

243 3776 336 3832 turus
370 3775 431 3840 est,
465 3765 589 3843 singula
625 3769 765 3830 membra
786 3767 916 3843 indicat,
951 3767 1126 3834 Columella
1159 3775 1308 3837 extremis
1343 3781 1469 3838 tantum

240 3866 340 3941 lincis,
363 3888 444 3949 quae
468 3867 607 3930 carmine
629 3891 687 3931 suo
700 3869 932 3945 contineantur,
955 3872 1126 3936 adumbrat
1148 3880 1309 3957 professus
1333 3899 1365 3940 se
1387 3898 1470 3957 quae

244 3965 402 4048 Vergilius
426 3970 630 4032 memoranda
652 3970 812 4052 reliquerit
835 3971 948 4034 docere
971 3978 1066 4041 velle:
1089 3997 1172 4058 quae
1194 3983 1301 4040 autem
1324 3979 1388 4041 sint
1407 3980 1469 4042 sin·

243 4075 333 4147 gulae
357 4070 535 4149 argumenti
560 4071 609 4134 sui
632 4082 738 4155 partes
750 4072 881 4136 demum
892 4074 968 4138 inde
991 4099 1009 4139 a
1032 4098 1126 4140 versu
1151 4079 1190 4141 35
1205 4080 1309 4142 fusius
1332 4081 1470 4145 declarat

243 4170 292 4233 his
315 4172 436 4236 verbis:

395 4273 481 4351 Ergo
503 4295 560 4352 age
583 4296 668 4338 nunc
691 4282 796 4340 cultus
819 4288 851 4339 et
873 4283 1017 4362 tempora
1039 4295 1192 4363 quaeque·
1208 4283 1349 4345 serendis

396 4374 588 4452 Seminibus,
611 4398 694 4457 quae
717 4399 794 4442 cura
816 4379 902 4456 satis,
924 4401 989 4463 quo
1012 4382 1113 4446 sidere
1134 4383 1277 4466 primunr
