3210 4846
663 255 855 318 ..4-

139 458 231 535 libro,
254 481 283 524 v.
309 459 486 534 lic-148,
509 457 683 532 enuntiata,
706 455 826 539 quibus
849 455 951 522 multo
974 458 1078 544 magis
1097 480 1197 542 quam
1221 458 1287 523 ulla
1308 459 1371 524 alia

146 583 179 624 re
202 559 391 626 inflammari
415 557 552 624 debebat
573 561 614 624 ad
637 581 719 644 opus
734 558 822 642 quod
845 568 911 622 erat
932 561 1093 645 pollicitus
1113 560 1373 646 aggrediendum.

137 661 312 728 Profitetur
324 663 409 726 enim
417 660 580 746 Vergilius
591 667 611 725 1.
623 666 653 738 l.,
676 682 709 725 se
721 661 763 724 rei
776 661 922 744 apiariae
942 674 1056 745 quarto
1079 660 1310 743 Georgicorum
1333 663 1372 728 li·

146 763 203 829 bro
225 765 387 850 expositae
421 763 556 828 libenter
592 763 687 826 etiam
722 775 891 848 praecepta
913 765 953 828 ad
978 763 1086 827 hortos
1109 764 1258 829 colendos
1281 788 1372 851 spec-

141 867 242 931 tantia
264 867 362 930 fuisse
384 864 625 942 adiuncturum,
649 864 709 928 nisi
733 887 815 948 opus
838 889 934 930 suum
957 865 997 928 ad
1021 865 1116 929 linem
1128 867 1303 950 perducere
1325 869 1373 933 ni·

141 968 202 1033 mis
224 967 412 1035 festinasset.
458 967 502 1032 Et
526 967 623 1032 verba
645 967 715 1030 eius
739 968 818 1031 lraec
841 981 934 1032 sunt:

295 1070 407 1152 Atque
429 1069 587 1151 equidem,
610 1076 750 1133 extremo
773 1071 805 1132 ni
829 1070 892 1133 iam
915 1069 976 1134 sub
998 1068 1241 1148 finelaborum,

297 1170 378 1236 Vela
401 1174 521 1236 traham
545 1182 577 1236 et
599 1173 692 1236 terris
714 1172 859 1236 festinem
881 1171 1046 1236 advertere
1068 1193 1207 1256 proram,

222 1315 223 1318 =
297 1273 446 1338 Forsitan
470 1283 501 1336 et
522 1273 656 1358 pinguis
680 1273 787 1337 hortos
811 1295 894 1357 quae
916 1295 994 1340 cura
1017 1272 1143 1338 colendi

300 1373 448 1450 Ornaret,
470 1395 616 1438 canerem
643 1374 799 1457 biferique
821 1375 939 1440 rosaria
960 1374 1076 1442 Paesti.

684 1488 740 1542 ete.
763 1488 820 1541 etc.

230 1579 290 1646 Sed
313 1579 472 1644 abstinere
497 1579 610 1642 maluit
632 1579 767 1664 insignis
791 1592 886 1664 poeta
908 1581 968 1645 hoc
990 1591 1127 1648 conatu:

150 1693 191 1753 (v.
217 1683 309 1766 147p
334 1682 497 1746 Verum
523 1681 626 1744 haec
649 1680 733 1764 ipse
755 1682 957 1764 equidem
980 1682 1143 1764 spatiis
1165 1682 1375 1747 exclusus

1111 1784 1235 1866 iniqu
1248 1785 1288 1848 is

326 1884 565 1949 Praetereo
588 1885 854 1966 atquealiis
888 1893 1064 1970 postme
1088 1885 1375 1951 memoranda

1114 1989 1223 2052 relin
1266 2011 1323 2055 uo.

236 2087 281 2152 Et
301 2109 385 2171 quae
408 2088 613 2154 memoranda
634 2087 762 2170 reliquit
785 2087 1056 2171 praeclarissimus
1079 2100 1178 2166 vates,
1201 2010 1377 2156 Cbllumella

146 2196 188 2254 ut
210 2187 272 2253 sibi
294 2189 402 2253 relicta
424 2188 465 2253 ad
488 2210 521 2252 se
544 2188 719 2252 vindicavit
742 2199 839 2272 atque
862 2189 895 2252 id
918 2190 985 2275 egit
1007 2191 1041 2254 in
1064 2193 1203 2272 carmine
1227 2214 1297 2273 suo,
1319 2202 1376 2269 „ut

59 2367 61 2370 ¹
152 2290 287 2376 poeticis
308 2291 451 2355 numeris
472 2296 611 2375 expleret
634 2289 784 2376 Georgici
807 2291 958 2354 carminis
980 2292 1113 2356 omissas
1146 2304 1262 2378 partes,
1295 2314 1376 2376 quas

143 2399 252 2458 tammr
274 2393 384 2477 etipse
397 2392 560 2478 Vergilius
583 2393 827 2478 significaverat,
850 2392 985 2476 posteris
1002 2405 1074 2478 post
1097 2416 1131 2458 se
1154 2394 1376 2459 memorandas

144 2495 350 2579 relinquere.“
394 2495 504 2580 (praef.
526 2495 581 2564 lib,
603 2494 649 2572 X,
672 2493 691 2580 ξ
715 2496 757 2580 3.)

229 2597 315 2662 Cum
338 2607 446 2660 autem
461 2598 638 2662 Columella
660 2619 787 2660 carmen
810 2619 911 2662 suum
933 2597 1075 2662 iudicare
1098 2610 1204 2682 posset
1220 2598 1371 2681 quodem-

151 2699 245 2763 modo
269 2697 500 2780 Georgicorum
514 2697 646 2784 Vergilii
670 2704 942 2784 supplementum,
964 2700 1033 2764 fieri
1056 2722 1118 2762 non
1143 2711 1276 2785 poterat,
1298 2700 1377 2783 quin

151 2804 217 2868 vim
252 2803 521 2884 altitudinemque
556 2801 692 2881 ingenii,
715 2801 802 2884 quod
824 2803 996 2866 laetissime
1019 2803 1127 2885 vigere
1150 2813 1247 2884 atquc
1269 2801 1380 2866 florere

146 2906 278 2970 videbat
299 2906 333 2968 in
359 2904 489 2984 Vergilii
512 2904 673 2988 operibus,
696 2903 867 2987 praecipue
889 2904 921 2966 in
946 2902 1122 2986 Georgicis,
1144 2910 1242 2986 atque
1274 2920 1373 2968 artem

146 3008 288 3072 suaviter
320 3021 519 3088 venusteque
553 3006 678 3070 dicendi
711 3005 755 3070 ibi
789 3005 967 3070 elucentem
1001 3005 1131 3091 penitus
1173 3027 1376 3086 cognoscere,

145 3111 288 3195 cognitas
311 3111 344 3173 in
368 3131 427 3174 suo
451 3130 581 3191 quoque
603 3108 743 3172 carmine
766 3107 943 3192 exprimere
966 3109 1117 3174 studeret.
1161 3106 1214 3174 Sic
1236 3108 1378 3172 imitator
1410 3132 1435 3178 ῃ

147 3211 279 3296 Vergilii
304 3210 481 3277 Columella
505 3210 644 3274 exstitit:
679 3210 840 3293 quomodo
873 3221 980 3273 autem
1019 3232 1052 3274 se
1085 3210 1217 3290 gesserit
1250 3209 1309 3272 bac
1341 3207 1376 3269 in

144 3315 330 3387 imitatione,
357 3334 443 3377 nunc
467 3321 504 3376 ut
524 3312 701 3396 poterimus
724 3309 913 3374 conabimur
935 3311 1116 3396 explanare.
1138 3314 1181 3360 ·'-

231 3417 439 3480 Acmateriae
462 3415 715 3500 dispositionem,
737 3436 835 3496 quam
859 3435 931 3476 sum
948 3425 1120 3478 secuturus
1143 3411 1258 3476 hocin
1281 3433 1379 3496 opus·

146 3526 228 3597 culo,
262 3518 307 3583 ita
331 3519 482 3595 institue,
516 3525 553 3582 ut
575 3517 717 3601 primum
742 3517 924 3580 universam
949 3515 1143 3580 Columellas
1165 3512 1378 3577 imitationem

145 3623 184 3688 ad
208 3622 346 3686 rationes
369 3631 470 3686 certas
495 3622 639 3683 revocem
662 3629 760 3702 atque
795 3619 1026 3694 demonstrem,
1060 3615 1180 3700 quibus
1212 3614 1246 3680 in
1281 3613 1376 3678 rebus

145 3725 275 3789 omnino
294 3724 439 3788 imitatus
462 3723 503 3786 sit
527 3721 706 3787 Columella
721 3719 912 3804 Vergilium,
934 3719 1048 3783 deinde
1069 3730 1176 3783 autem
1200 3723 1304 3782 totum
1318 3717 1379 3781 Co·

145 3827 309 3892 lumcllani
335 3825 488 3890 carminis
516 3834 703 3888 contextum
728 3825 886 3907 proferam
920 3833 1131 3904 accurateque
1164 3839 1275 3882 omnes
1308 3816 1379 3883 eius

143 3940 240 4009 locos,
262 3932 319 4014 qui
342 3940 399 3994 aot
423 3929 600 3993 certissima
631 3915 782 3992 exhibent
806 3924 939 4006 Vergilii
974 3921 1163 3987 imitationis
1198 3921 1289 4002 signa
1320 3929 1378 3984 aut

145 4045 252 4099 tamen
283 4031 422 4116 speciem
444 4030 606 4113 quandam
632 4049 708 4111 prae
732 4049 765 4091 se
787 4029 894 4089 lerunt
930 4025 1026 4088 huius
1059 4022 1267 4098 imitationis,
1300 4020 1377 4085 satis

145 4135 286 4200 dilucide
308 4136 455 4198 denotem
478 4139 575 4214 atque
598 4151 672 4193 cum
695 4128 773 4192 locis
795 4149 928 4212 operum
953 4124 1232 4210 Vergilianorum,
1257 4122 1378 4206 quibus

145 4261 237 4324 pares
259 4237 420 4304 similesve
442 4244 528 4311 sunt,
551 4253 741 4318 comparem.
