3210 4846
660 261 866 322 ..24-

311 445 509 528 Narcissique
532 460 648 527 canas,
671 445 844 510 athlantis
867 467 961 510 saeva
984 446 1085 510 leonis

304 543 372 611 Ora
392 547 462 625 feri,
484 547 683 631 calathisque
706 547 841 612 virentia
865 547 930 613 lilia
952 547 1050 623 canis,

154 647 225 712 100.
305 653 365 709 Na
385 672 437 710 non
459 655 499 710 va
521 648 641 722 niveos,
665 653 717 713 vel
739 653 904 718 caeruleas
928 651 1123 735 hyacinthos.

301 749 386 814 Tum
409 772 492 834 quae
509 757 597 830 patet
620 751 722 829 humi,
743 773 826 835 quae
848 752 999 818 frondens
1017 764 1160 831 purpurat
1181 774 1261 817 auro

301 851 446 916 Ponatur
466 858 538 915 aiolo
560 865 590 917 et
613 853 750 918 nimium
774 875 845 917 rosa
867 858 960 939 plena
982 854 1126 938 pudoris.

304 952 399 1018 Nunc
423 955 545 1020 medica
567 977 720 1040 panacem
743 962 859 1019 luerim
880 978 998 1036 sucoque
1018 960 1127 1018 salubri

301 1055 446 1120 Glaucea
468 1067 499 1121 et
521 1058 676 1144 profugos
698 1064 822 1121 oincmo
838 1081 984 1138 papavera
1005 1081 1114 1120 somnos

216 1205 224 1220 .
304 1158 465 1243 Spargite:
488 1179 634 1242 quaeque
655 1158 741 1224 viros
764 1166 895 1236 acuunt,
918 1172 1108 1244 armantque
1130 1159 1264 1246 puellas,

307 1260 376 1324 Iam
401 1260 541 1340 Megaris
564 1261 694 1324 veniant
718 1262 866 1343 genitalis
887 1263 1007 1329 semine
1030 1264 1122 1331 bulbi.

305 1361 349 1426 Et
372 1385 456 1446 quae
478 1363 569 1429 Sicca
591 1362 667 1443 legit
688 1361 816 1427 Getulis
839 1360 956 1427 obruta
977 1363 1085 1447 glebis.

300 1464 343 1528 lit
365 1484 448 1546 quae
471 1463 624 1542 frugifero
647 1464 764 1529 seritur
786 1463 893 1527 vicina
914 1464 1043 1549 Priapo,

300 1566 429 1630 Excitet
452 1577 488 1630 ut
512 1564 629 1630 Veneri
652 1566 760 1630 tardos
783 1586 880 1630 eruca
902 1567 1041 1630 maritos.

213 1719 220 1735 .
303 1669 371 1733 Iaru
395 1668 488 1732 breve
511 1668 756 1752 chaerophylum
780 1679 811 1731 et
835 1669 971 1751 torpenti
996 1679 1084 1748 grata
1106 1669 1213 1755 palato

303 1774 411 1848 Inpia,
434 1768 498 1832 iarn
521 1770 637 1833 teneris
659 1770 811 1833 frondens
834 1768 994 1837 lactucula
1009 1775 1100 1847 fiius,

304 1872 454 1955 Alliaque
477 1871 620 1934 infractis
644 1872 751 1955 spicis,
775 1873 806 1938 el
830 1873 1031 1940 clettistete
1090 1883 1094 1890 '

305 1972 429 2059 Ulpica,
450 1994 596 2055 quosque
618 1973 700 2036 fabis
722 1972 837 2037 habilis
859 1971 986 2037 fabrilia
1009 1975 1129 2040 miscet.

302 2075 372 2140 lam
394 2077 482 2153 siser,
506 2074 703 2159 Assyrioque
725 2076 813 2140 venit
835 2097 917 2158 quae
941 2077 1060 2141 semine
1081 2077 1175 2140 radix

216 2227 222 2243 .
306 2178 464 2262 Sectaque
486 2177 659 2261 praebetur
682 2177 810 2240 madido
833 2178 954 2241 sociata
975 2178 1098 2262 lupino,

302 2283 337 2348 lli
359 2281 510 2348 Pelusiaci
534 2280 667 2364 proritat
689 2279 806 2363 pocula
827 2278 930 2363 Zythi.

300 2385 448 2465 Tempore
473 2399 531 2449 nott
555 2384 619 2450 alia
641 2382 698 2445 vili
721 2403 852 2465 quoque
875 2382 1016 2468 salgama
1040 2404 1154 2462 merce,

303 2485 470 2569 Capparis,
492 2494 524 2547 et
547 2485 652 2548 tristes
675 2483 790 2562 inulae,
812 2484 997 2567 ferulaeque
1021 2485 1160 2549 minaces

301 2585 509 2654 Plantantur:
533 2607 590 2650 nec
613 2609 676 2650 non
698 2588 859 2670 serpentia
880 2587 1028 2672 gramina
1050 2600 1185 2665 mentae,

152 2727 356 2736 ——-—-—-—-—-—

149 2829 224 2880 oulta
241 2827 386 2879 Galaesus.
405 2853 437 2864 -
456 2841 482 2880 v.
501 2833 547 2879 98:
567 2826 743 2892 Narcissique
761 2841 851 2876 comas
870 2827 938 2876 dicit
956 2826 1013 2879 Col.
1039 2827 1098 2876 sine
1123 2827 1205 2877 dnbio
1229 2829 1379 2880 secundum

148 2916 179 2964 V.
197 2912 229 2963 G.
246 2912 292 2973 IV,
313 2917 375 2964 ltu:
395 2926 444 2960 nec
463 2926 523 2960 sara
541 2916 692 2961 comantem
711 2911 882 2964 Narcissum.
902 2939 933 2948 -
953 2928 979 2962 v.
999 2917 1065 2965 100:
1083 2913 1196 2961 Initium
1211 2928 1306 2964 versus
1325 2914 1377 2964 for-

149 3003 225 3048 tasse
243 2997 422 3047 conformavit
440 2995 497 3047 Col.
517 2995 664 3045 secundum
684 2997 713 3049 V.
732 2995 764 3048 G.
783 2999 830 3057 111,
851 2996 972 3060 721Nee
999 3011 1052 3046 non
1072 3003 1099 3047 et
1122 2998 1220 3062 pecori.
1242 2999 1277 3048 ef.
1295 3001 1378 3050 etiam
1426 3025 1431 3040 .

148 3083 180 3134 G.
197 3085 231 3144 11,
258 3087 316 3134 451.
352 3081 496 3150 Caeruleos
515 3081 676 3146 hyacinthos
696 3082 764 3132 dicit
787 3081 844 3132 Col.
869 3083 992 3131 imitatus
1012 3095 1119 3131 versum
1139 3082 1327 3147 Vergilianum
1346 3083 1378 3136 G.

148 3171 192 3229 lv,
212 3173 275 3219 1⁸³2
304 3166 475 3229 ferrugineos
501 3165 673 3231 hyacinthos.
701 3195 735 3205 -
767 3185 792 3218 v.
823 3174 887 3224 101:
914 3166 1011 3216 Verbis
1029 3180 1115 3229 „quae
1140 3167 1226 3231 pallet
1252 3167 1326 3218 humi
1344 3196 1378 3206 —

148 3252 240 3303 viola“
258 3252 330 3303 conf.
349 3252 379 3299 V.
399 3249 456 3303 Ecl.
475 3253 508 3311 11,
526 3256 575 3301 47:
594 3250 734 3302 Pallentes
753 3252 850 3302 violas.
868 3280 902 3290 ω-
920 3250 1070 3307 Clausulas
1100 3266 1195 3301 versus
1207 3252 1278 3304 coni.
1297 3254 1328 3306 V.
1347 3251 1379 3303 G.

148 3341 191 3398 IV,
211 3342 277 3389 275:
296 3336 338 3402 (in
357 3333 444 3399 foliis)
463 3335 553 3385 riolas
572 3335 698 3386 sublucet
717 3353 836 3403 purpura
864 3337 967 3400 nigrae.
992 3365 1025 3373 —
1044 3353 1069 3389 v.
1098 3341 1165 3389 los:
1191 3337 1289 3387 Verbis
1308 3354 1377 3398 „me-

150 3422 212 3473 dica
231 3422 363 3472 lacrima“
381 3419 411 3485 (i.
431 3435 453 3468 e.
473 3419 550 3486 suco)
574 3421 645 3472 conf.
671 3423 702 3472 V.
730 3420 761 3472 G.
788 3421 834 3480 IV,
862 3426 926 3471 160:
951 3421 1076 3471 Narcissi
1099 3421 1247 3472 lacrimam.
1290 3423 1378 3473 Verba

148 3521 285 3571 „sucoque
310 3504 431 3555 salnbri“
449 3505 566 3556 fortasse
601 3506 683 3569 petiit
702 3504 760 3558 Col.
779 3521 812 3555 ex
830 3507 861 3556 V.
885 3506 953 3555 Aen.
978 3505 1038 3565 Xll,
1059 3511 1127 3557 siet
1147 3507 1314 3572 spargitque
1332 3522 1377 3557 sa·

148 3591 236 3642 labris
254 3618 287 3628 -
306 3605 395 3640 sucos.
414 3617 446 3626 -
465 3607 491 3642 v.
514 3596 575 3643 104:
596 3590 714 3640 Ultimae
733 3591 806 3655 parti
824 3605 919 3640 versus
937 3592 1080 3651 „vinctura
1099 3606 1236 3655 papavera
1254 3595 1379 3642 somnos“

148 3676 305 3727 simillimus
316 3683 357 3724 ast
375 3677 465 3726 exitus
483 3678 512 3725 in
531 3676 562 3726 G.
580 3678 601 3735 1,
619 3679 664 3726 78:
683 3676 794 3740 perfusa
811 3690 949 3740 papavera
967 3690 1068 3726 somno.
1086 3702 1119 3712 —
1143 3691 1169 3725 v.
1192 3675 1377 3727 torrentum

147 3777 242 3812 versus
261 3762 321 3810 sine
341 3761 423 3811 dubio
442 3761 606 3826 deprompsit
625 3759 681 3810 Col.
699 3776 733 3810 ex
751 3775 831 3810 versu
849 3759 1017 3825 Vergiliano,
1035 3775 1113 3824 quem
1139 3759 1194 3809 iam
1218 3775 1301 3825 supra
1319 3775 1376 3811 ver-

150 3847 194 3898 sui
214 3851 246 3898 95
265 3844 432 3898 Columellas
451 3846 568 3906 contuli,
587 3844 618 3895 G.
640 3847 676 3904 ΙΙ,
694 3851 763 3897 324:
790 3848 857 3895 Vere
885 3849 990 3894 tument
1008 3849 1095 3892 terrae
1121 3848 1149 3893 et
1174 3843 1309 3908 genitalia
1337 3859 1378 3894 se·

148 3934 223 3982 mina
242 3935 359 3996 poscunt
378 3928 423 3995 (cf.
443 3930 526 3980 etiam
544 3930 602 3989 Col.
625 3947 650 3981 v.
673 3936 736 3981 tet:
766 3927 900 3994 genitalia
924 3933 1044 3993 tempora
1068 3926 1183 3994 mundi).
1210 3956 1244 3965 -
1268 3944 1294 3982 v.
1313 3933 1380 3995 ¹¹¹3

148 4017 244 4068 Verbis
265 4017 379 4082 „intyba
397 4043 431 4052 -
450 4017 550 4066 tenoris
570 4016 698 4066 frondens
716 4042 749 4052 -
767 4014 860 4066 fibris“
886 4013 957 4064 conf.
977 4011 1010 4066 G.
1031 4014 1051 4073 1,
1077 4017 1141 4065 ito:
1160 4014 1261 4064 amaris
1288 4014 1379 4064 intiba

148 4101 233 4153 fibris.
251 4129 284 4140 --
302 4117 329 4155 v.
350 4105 416 4150 ile:
438 4099 548 4150 Exitum
566 4115 662 4151 versus
681 4101 762 4165 petiit
780 4098 837 4152 Col.
857 4115 889 4148 ex
907 4098 939 4150 G.
968 4100 1011 4158 iv,
1030 4103 1077 4150 30:
1107 4097 1183 4148 Haec
1207 4097 1310 4148 circum
1333 4113 1378 4149 ca·

150 4189 209 4236 siae
227 4186 368 4236 virideset
386 4185 489 4236 olentia
508 4186 564 4235 lats
582 4183 715 4250 serpylla.
734 4201 759 4236 v.
780 4190 843 4242 tro:
862 4183 975 4233 Initium
1001 4197 1097 4232 versus
1117 4183 1235 4248 sumpsit
1261 4181 1319 4234 001.
1346 4197 1380 4232 ex

149 4272 181 4322 V.
200 4268 232 4320 G.
251 4272 272 4329 Ι,
291 4273 363 4322 1183
381 4270 437 4319 Nec
455 4269 618 4319 Pelusiacae
641 4283 733 4318 curam
758 4269 938 4333 aspernabere
965 4265 1060 4316 lentis.
1084 4293 1118 4303 -
1136 4282 1163 4317 v.
1188 4270 1250 4330 117ς
1274 4265 1380 4316 Princi-

150 4354 226 4421 pium
244 4367 339 4404 versus
361 4354 474 4417 petiisse
493 4350 551 4406 Gal.
568 4352 677 4403 vitietur
695 4367 728 4400 ex
746 4353 778 4406 V,
796 4351 828 4405 G.
841 4353 886 4414 111,
905 4355 976 4405 245:
995 4349 1125 4418 Tempore
1143 4365 1199 4400 non
1222 4348 1279 4400 alio
1302 4354 1378 4401 catu·
