3210 4846
174 457 256 520 hanc
279 456 345 520 vim
368 457 408 522 ad
434 479 538 520 meum
563 455 677 520 habuit
699 459 853 536 animum,
877 473 913 524 ut
936 461 1159 543 disquisitione
1183 465 1221 529 dc
1243 465 1297 529 illo
1324 470 1400 532 scri-

174 566 264 643 ptore
285 558 482 623 instituenda
503 557 661 622 absonum
683 560 807 641 aliquid
830 583 1025 645 prorsusque
1048 567 1248 648 superfluum
1264 592 1313 632 me
1336 576 1400 634 fac-

174 672 286 725 turum
309 661 499 725 arbitrarer:
523 661 622 723 immo
645 683 773 744 operam
812 663 885 726 boni
919 670 1041 730 fructus
1074 670 1290 751 plenissimam
1322 673 1399 736 mihi

174 763 307 827 videbar
329 785 397 828 esse
419 771 685 844 consumpturus,
720 763 745 825 si
776 765 809 826 11
842 788 924 849 opus
953 767 1161 847 Columellas,
1184 794 1248 854 quo
1271 795 1400 858 compo-

171 865 275 928 nendo
298 865 438 928 imitator
461 863 582 927 exstitit
604 863 757 949 Vergilii,
779 867 949 952 diligenter
970 871 1165 952 inquirerem
1188 882 1283 955 atque
1305 876 1400 940 colla·
1473 940 1475 946 ,

172 966 257 1030 11111
280 968 484 1052 suscipienda
508 967 653 1047 rationes,
677 969 796 1049 quibus
820 971 851 1031 in
876 971 1030 1033 imitamlo
1045 973 1185 1055 Vergilio
1210 999 1287 1039 usus
1310 991 1400 1055 esset,

173 1069 322 1152 locosque
345 1092 454 1132 omnes
478 1071 509 1130 in
533 1069 601 1132 eius
625 1092 729 1152 opere,
753 1072 784 1132 in
809 1071 927 1151 quibus
952 1087 1113 1154 comparet
1146 1081 1220 1137 haec
1253 1080 1399 1146 inritatio,

172 1172 351 1257 colligerem
375 1172 523 1254 claraque
546 1171 616 1235 luce
639 1194 768 1235 conarer
790 1173 1053 1251 circumfundere,
1088 1186 1123 1238 ut
1145 1177 1267 1262 integre
1290 1180 1398 1240 candi·

172 1275 275 1356 deque
298 1274 337 1336 de
361 1273 413 1335 illo
437 1296 529 1356 opere
554 1285 684 1356 possent
707 1275 781 1336 ferri
805 1275 986 1342 sententiae.

260 1375 439 1439 Columella
464 1376 496 1438 11
521 1376 690 1438 duodecim
714 1375 812 1451 libris,
835 1397 916 1456 quos
940 1377 978 1440 tle
1001 1401 1032 1440 re
1056 1380 1176 1443 rustica
1200 1383 1398 1466 conscripsit,

173 1499 299 1561 prosam
323 1478 496 1541 orationem
520 1516 560 1525 —-
584 1491 621 1539 ut
644 1478 719 1540 satis
743 1490 853 1540 notum
878 1491 924 1542 est
960 1519 1000 1527 -—
1019 1482 1167 1545 adhibuit
1190 1495 1322 1566 excepto
1345 1486 1398 1546 de-

173 1579 255 1642 cimo
278 1578 359 1642 libro
383 1601 478 1661 quem
502 1579 634 1663 poeticis
658 1581 799 1642 numeris
822 1581 959 1644 inclusit.
1005 1584 1115 1666 Atque
1148 1588 1309 1667 quomodo
1333 1589 1398 1649 fac·

174 1691 244 1744 tum
268 1681 309 1743 sit
332 1692 368 1744 ut
392 1681 478 1744 hunc
501 1681 608 1764 ipsum
640 1681 769 1757 librum,
805 1704 901 1764 quem
933 1683 992 1758 „de
1026 1685 1115 1747 cultu
1142 1690 1326 1750 hortorum“
1348 1689 1397 1751 in-

174 1781 312 1865 scripsit,
335 1781 367 1843 in
392 1781 485 1844 aliam
509 1803 546 1844 ac
579 1795 700 1845 ceteros
735 1788 868 1845 formam
903 1785 1070 1868 redigeret,
1094 1787 1220 1870 copiose
1243 1803 1274 1851 et
1297 1792 1397 1853 abun-

172 1885 284 1948 danter
304 1883 455 1966 explanat
479 1885 547 1967 ipse
570 1886 732 1968 prooemio
756 1887 830 1948 11111
853 1887 932 1949 libro
955 1888 1138 1970 praemisso,
1170 1910 1234 1970 quo
1268 1890 1302 1954 l'.
1333 1893 1397 1955 si-

173 1986 271 2048 vino
294 1985 422 2048 cuidam
447 1985 576 2048 adhibet
599 2008 786 2052 sermonem.
836 1989 883 2050 lte
906 1994 963 2052 hoc
987 1987 1110 2051 Silvino
1139 2011 1201 2052 non
1243 1993 1395 2055 habemus

172 2088 275 2152 fusius
299 2088 466 2150 disserere:
492 2090 701 2169 nequeenim
727 2089 876 2152 ullaalia
906 2113 938 2152 re
972 2089 1063 2152 nubis
1097 2103 1143 2153 est
1166 2093 1312 2169 cognitus
1337 2095 1395 2156 nisi

172 2189 291 2274 insigni
313 2189 462 2252 comitate
488 2195 584 2270 atque
609 2191 792 2265 reverentia,
816 2214 880 2272 qua
903 2192 1395 2277 161111111111111111111111111

175 2293 298 2358 colitur.
344 2292 471 2356 Etenim
496 2291 528 2352 in
552 2294 681 2356 exordio
705 2295 961 2376 uniuscuiusque
983 2294 1066 2370 libri,
1090 2317 1182 2378 saepe
1198 2296 1293 2358 etiam
1316 2297 1397 2360 libro

174 2395 373 2478 procedente,
398 2392 578 2458 Columella
600 2397 738 2458 amicum
754 2420 880 2458 summa
892 2398 1093 2460 observantia
1106 2397 1295 2478 alloquitur:
1319 2401 1397 2481 quin

172 2496 253 2558 duas
276 2495 433 2574 longiores
457 2497 678 2577 praelationes,
702 2497 843 2574 alteram,
865 2521 947 2580 quae
971 2511 1017 2562 est
1040 2499 1138 2562 totius
1177 2502 1281 2584 operis
1305 2504 1397 2584 quasi

172 2597 380 2674 vestibulum,
403 2597 533 2659 alteram
556 2598 619 2660 iarn
644 2621 739 2681 supra
771 2623 788 2660 a
822 2622 870 2662 me
901 2609 1179 2664 commemoratam
1208 2603 1397 2686 composuit,
1453 2661 1456 2668 ,

171 2699 203 2762 11
227 2699 346 2781 quibus
369 2699 530 2782 -possis
554 2699 760 2783 epistolarum
784 2702 852 2764 loco
875 2725 926 2764 eas
951 2703 1130 2766 11111111-
1155 2704 1264 2766 multis
1289 2705 1327 2767 de
1351 2729 1397 2769 re-

171 2801 232 2865 bus
254 2803 294 2864 ad
318 2823 400 2883 opus
417 2822 511 2863 suurn
536 2801 772 2883 pertinentibus
795 2825 869 2865 cum
893 2803 1018 2866 Silvino
1053 2806 1284 2868 sermocinatur
1318 2808 1397 2868 ami-

171 2924 310 2984 cumque
341 2901 546 2964 consiliorum
593 2925 726 2964 suarum
771 2905 892 2966 socium
933 2907 1085 2982 assumit,
1119 2929 1157 2968 ex
1193 2929 1257 2988 quo
1297 2907 1397 2968 conici

170 3005 253 3074 licet,
278 3003 438 3067 Silvinum
464 3004 553 3087 operi
576 3004 670 3066 amici
695 3005 780 3068 haud
805 3011 1009 3090 neglegenter
1031 3009 1138 3071 studia
1160 3030 1315 3091 curasque
1338 3009 1398 3070 im-

169 3106 322 3190 pertiisse.

257 3207 420 3270 Doccmur
442 3219 548 3270 autem
572 3210 767 3291 praefatione
801 3209 854 3272 illa
883 3210 996 3273 decimi
1030 3209 1111 3286 libri,
1142 3213 1167 3274 si
1191 3213 1395 3297 comparandi

169 3310 404 3394 supplendique
427 3331 524 3372 causa
547 3312 641 3373 etiam
665 3311 743 3374 alios
766 3313 922 3393 quosdam
946 3311 1030 3374 locos
1054 3313 1131 3399 (IX,
1157 3317 1193 3378 16
1219 3328 1308 3392 extr,
1332 3315 1397 3391 Xl,

172 3419 187 3476 1
212 3413 291 3488 init,
315 3414 334 3474 3
358 3413 439 3496 init.)
465 3435 503 3476 ex
526 3413 656 3494 reliquis
680 3413 767 3476 libris
791 3415 996 3490 assumimus,
1020 3415 1068 3478 lris
1091 3416 1154 3479 lere
1177 3417 1215 3479 de
1238 3417 1341 3481 rebus.

254 3513 433 3578 Columella
455 3515 559 3598 primo
584 3537 650 3577 11111
681 3537 777 3596 quam
813 3516 872 3578 sibi
906 3530 1115 3599 proposuerat
1154 3520 1327 3602 gerendam
1350 3519 1395 3580 ita

168 3616 291 3680 11111111
314 3618 529 3693 constituerat,
553 3629 589 3680 ut
612 3617 772 3680 decimum
797 3617 900 3700 operis
924 3619 973 3680 sui
996 3617 1114 3680 librum
1139 3620 1316 3702 pariterue
1346 3642 1396 3683 ce-

168 3729 251 3781 teros
274 3739 369 3801 prosa
393 3719 533 3782 oratione
556 3719 783 3795 conscriberet,
807 3742 881 3784 cum
905 3725 1027 3783 cultum
1051 3725 1215 3784 hortorum
1238 3745 1256 3784 a
1280 3721 1392 3784 veteri-

169 3820 229 3884 bus
251 3842 398 3903 perverse
423 3827 603 3904 neglectum
629 3837 759 3906 proptor
782 3822 898 3885 multas
929 3843 1009 3903 quas
1042 3824 1212 3906 praecipue
1245 3823 1395 3906 pauperi-

170 3920 231 3985 bus
254 3923 381 3986 afferret
404 3923 557 3988 utilitates
581 3925 717 4009 dignum
741 3925 870 3987 duceret
894 3924 1107 4007 descriptione
1130 3926 1275 4011 diligenti
1298 3937 1394 4006 atque

170 4179 252 4240 mine,
270 4179 478 4243 religiosissimo
502 4197 607 4246 semper
616 4180 714 4231 habuit
725 4183 866 4234 rationem.
889 4210 908 4216 -
937 4180 1079 4232 Praeterea
1089 4183 1156 4232 mihi
1168 4183 1324 4233 adiumento
1335 4187 1393 4231 erat

168 4263 248 4312 index
268 4265 434 4314 imitatorum
453 4265 570 4328 Vergilii
590 4283 671 4330 quern
695 4266 884 4316 Woldemarus
904 4267 1026 4317 Ribbeck
1045 4270 1073 4316 in
1093 4269 1211 4318 editione
1230 4267 1346 4331 Vergilii
1360 4267 1395 4317 ab

166 4347 266 4398 Ottonc
284 4349 406 4398 Ribbeck
425 4357 523 4401 curata
542 4350 607 4415 tvol.
628 4350 678 4412 111,
696 4367 760 4417 pag.
779 4354 828 4403 363
848 4351 888 4417 ff.)
910 4354 1069 4418 composuit.
